<?xml version="1.0" encoding="UTF-8"?>
<!DOCTYPE html PUBLIC "-//W3C//DTD XHTML 1.0 Transitional//EN"
    "http://www.w3.org/TR/xhtml1/DTD/xhtml1-transitional.dtd">
<html xmlns="http://www.w3.org/1999/xhtml" xml:lang="en" lang="en">
 <head>
  <title>
</title>
<meta http-equiv="Content-Type" content="text/html;charset=utf-8" />
  <meta name='ocr-system' content='tesseract 3.04.00' />
  <meta name='ocr-capabilities' content='ocr_page ocr_carea ocr_par ocr_line ocrx_word'/>
</head>
<body>
  <div class='ocr_page' id='page_1' title='image "./quaestionesdeus00huebgoog_0048.png"; bbox 0 0 2880 4762; ppageno 0'>
   <div class='ocr_carea' id='block_1_1' title="bbox 620 203 741 314">
    <p class='ocr_par' dir='ltr' id='par_1_1' title="bbox 620 203 741 314">
     <span class='ocr_line' id='line_1_1' title="bbox 620 203 741 314; baseline 0 0"><span class='ocrx_word' id='word_1_1' title='bbox 620 203 741 314; x_wconf 70' lang='lat' dir='ltr'>¹aa</span> 
     </span>
    </p>
   </div>
   <div class='ocr_carea' id='block_1_2' title="bbox 151 419 1292 1102">
    <p class='ocr_par' dir='ltr' id='par_1_2' title="bbox 151 419 1292 1102">
     <span class='ocr_line' id='line_1_2' title="bbox 152 419 1291 506; baseline 0.002 -21"><span class='ocrx_word' id='word_1_2' title='bbox 152 419 349 485; x_wconf 90' lang='lat' dir='ltr'>infinitivum</span> <span class='ocrx_word' id='word_1_3' title='bbox 372 420 560 485; x_wconf 89' lang='lat' dir='ltr'>historicum</span> <span class='ocrx_word' id='word_1_4' title='bbox 585 421 773 486; x_wconf 84' lang='lat' dir='ltr'>existimare</span> <span class='ocrx_word' id='word_1_5' title='bbox 797 427 906 504; x_wconf 88' lang='lat' dir='ltr'>potes,</span> <span class='ocrx_word' id='word_1_6' title='bbox 932 441 1005 486; x_wconf 90' lang='lat' dir='ltr'>oum</span> <span class='ocrx_word' id='word_1_7' title='bbox 1035 422 1186 501; x_wconf 80' lang='lat' dir='ltr'>Tacitus,</span> <span class='ocrx_word' id='word_1_8' title='bbox 1216 444 1291 506; x_wconf 92' lang='lat' dir='ltr'>uno,</span> 
     </span>
     <span class='ocr_line' id='line_1_3' title="bbox 153 540 1292 624; baseline 0.002 -19"><span class='ocrx_word' id='word_1_9' title='bbox 153 542 187 605; x_wconf 95' lang='lat' dir='ltr'>ui</span> <span class='ocrx_word' id='word_1_10' title='bbox 210 540 317 623; x_wconf 87' lang='lat' dir='ltr'>fallor,</span> <span class='ocrx_word' id='word_1_11' title='bbox 340 542 413 605; x_wconf 90' lang='lat' dir='ltr'>loco</span> <span class='ocrx_word' id='word_1_12' title='bbox 438 575 481 586; x_wconf 93' lang='lat'>-</span> <span class='ocrx_word' id='word_1_13' title='bbox 502 542 587 604; x_wconf 78' lang='lat' dir='ltr'>Aun.</span> <span class='ocrx_word' id='word_1_14' title='bbox 611 541 703 618; x_wconf 89' lang='lat' dir='ltr'>XIII,</span> <span class='ocrx_word' id='word_1_15' title='bbox 727 543 769 605; x_wconf 82' lang='grc'>44</span> <span class='ocrx_word' id='word_1_16' title='bbox 793 579 834 587; x_wconf 97' lang='grc'>-</span> <span class='ocrx_word' id='word_1_17' title='bbox 857 547 1008 624; x_wconf 86' lang='lat' dir='ltr'>excepto,</span> <span class='ocrx_word' id='word_1_18' title='bbox 1031 540 1074 605; x_wconf 89' lang='lat' dir='ltr'>ad</span> <span class='ocrx_word' id='word_1_19' title='bbox 1097 540 1292 607; x_wconf 90' lang='lat' dir='ltr'>infinitivum</span> 
     </span>
     <span class='ocr_line' id='line_1_4' title="bbox 153 659 1291 744; baseline 0 -20"><span class='ocrx_word' id='word_1_20' title='bbox 153 660 345 726; x_wconf 87' lang='lat' dir='ltr'>historicum</span> <span class='ocrx_word' id='word_1_21' title='bbox 367 681 535 743; x_wconf 91' lang='lat' dir='ltr'>uunquam</span> <span class='ocrx_word' id='word_1_22' title='bbox 558 661 698 726; x_wconf 90' lang='lat' dir='ltr'>alterum</span> <span class='ocrx_word' id='word_1_23' title='bbox 713 659 910 725; x_wconf 83' lang='lat' dir='ltr'>infinitivum</span> <span class='ocrx_word' id='word_1_24' title='bbox 939 659 1042 726; x_wconf 90' lang='lat' dir='ltr'>addat</span> <span class='ocrx_word' id='word_1_25' title='bbox 1064 661 1106 725; x_wconf 91' lang='lat' dir='ltr'>ab</span> <span class='ocrx_word' id='word_1_26' title='bbox 1130 661 1193 726; x_wconf 92' lang='lat' dir='ltr'>isto</span> <span class='ocrx_word' id='word_1_27' title='bbox 1210 682 1291 744; x_wconf 91' lang='lat' dir='ltr'>pen-</span> 
     </span>
     <span class='ocr_line' id='line_1_5' title="bbox 155 778 1291 859; baseline 0.001 -15"><span class='ocrx_word' id='word_1_28' title='bbox 155 778 296 847; x_wconf 83' lang='lat' dir='ltr'>dentem.</span> <span class='ocrx_word' id='word_1_29' title='bbox 342 779 414 856; x_wconf 77' lang='lat' dir='ltr'>Qua</span> <span class='ocrx_word' id='word_1_30' title='bbox 444 781 478 844; x_wconf 93' lang='lat' dir='ltr'>in</span> <span class='ocrx_word' id='word_1_31' title='bbox 508 780 745 846; x_wconf 85' lang='lat' dir='ltr'>consuetudine</span> <span class='ocrx_word' id='word_1_32' title='bbox 781 782 827 844; x_wconf 92' lang='lat' dir='ltr'>ita</span> <span class='ocrx_word' id='word_1_33' title='bbox 856 781 920 845; x_wconf 90' lang='lat' dir='ltr'>sibi</span> <span class='ocrx_word' id='word_1_34' title='bbox 949 786 1091 859; x_wconf 88' lang='lat' dir='ltr'>constat,</span> <span class='ocrx_word' id='word_1_35' title='bbox 1120 789 1155 846; x_wconf 93' lang='lat' dir='ltr'>ut</span> <span class='ocrx_word' id='word_1_36' title='bbox 1183 783 1291 847; x_wconf 92' lang='lat' dir='ltr'>statim</span> 
     </span>
     <span class='ocr_line' id='line_1_6' title="bbox 154 898 1292 983; baseline 0.001 -19"><span class='ocrx_word' id='word_1_37' title='bbox 154 901 276 967; x_wconf 88' lang='lat' dir='ltr'>formas</span> <span class='ocrx_word' id='word_1_38' title='bbox 298 900 462 966; x_wconf 81' lang='lat' dir='ltr'>adsciscat</span> <span class='ocrx_word' id='word_1_39' title='bbox 479 899 590 964; x_wconf 85' lang='lat' dir='ltr'>finitas</span> <span class='ocrx_word' id='word_1_40' title='bbox 608 920 666 983; x_wconf 91' lang='lat' dir='ltr'>pro</span> <span class='ocrx_word' id='word_1_41' title='bbox 684 898 853 964; x_wconf 89' lang='lat' dir='ltr'>infinitivis</span> <span class='ocrx_word' id='word_1_42' title='bbox 876 901 1039 966; x_wconf 82' lang='lat' dir='ltr'>historicis</span> <span class='ocrx_word' id='word_1_43' title='bbox 1058 902 1122 966; x_wconf 92' lang='lat' dir='ltr'>non</span> <span class='ocrx_word' id='word_1_44' title='bbox 1146 900 1243 977; x_wconf 90' lang='lat' dir='ltr'>modo</span> <span class='ocrx_word' id='word_1_45' title='bbox 1263 902 1292 966; x_wconf 90' lang='lat' dir='ltr'>si</span> 
     </span>
     <span class='ocr_line' id='line_1_7' title="bbox 151 1019 1288 1102; baseline -0.002 -16"><span class='ocrx_word' id='word_1_46' title='bbox 151 1042 187 1087; x_wconf 90' lang='lat' dir='ltr'>re</span> <span class='ocrx_word' id='word_1_47' title='bbox 203 1041 282 1088; x_wconf 87' lang='lat' dir='ltr'>vera</span> <span class='ocrx_word' id='word_1_48' title='bbox 299 1021 464 1086; x_wconf 88' lang='lat' dir='ltr'>coniuncti</span> <span class='ocrx_word' id='word_1_49' title='bbox 479 1026 555 1084; x_wconf 93' lang='lat' dir='ltr'>suut</span> <span class='ocrx_word' id='word_1_50' title='bbox 571 1040 644 1084; x_wconf 88' lang='lat' dir='ltr'>cum</span> <span class='ocrx_word' id='word_1_51' title='bbox 660 1020 770 1102; x_wconf 92' lang='lat' dir='ltr'>aliquo</span> <span class='ocrx_word' id='word_1_52' title='bbox 785 1019 955 1098; x_wconf 90' lang='lat' dir='ltr'>infinitivo,</span> <span class='ocrx_word' id='word_1_53' title='bbox 972 1021 1066 1085; x_wconf 87' lang='lat' dir='ltr'>sicuti</span> <span class='ocrx_word' id='word_1_54' title='bbox 1082 1020 1167 1086; x_wconf 81' lang='lat' dir='ltr'>Anu.</span> <span class='ocrx_word' id='word_1_55' title='bbox 1188 1022 1213 1098; x_wconf 90' lang='lat' dir='ltr'>I,</span> <span class='ocrx_word' id='word_1_56' title='bbox 1231 1023 1288 1094; x_wconf 78' lang='lat'>28:</span> 
     </span>
    </p>
   </div>
   <div class='ocr_carea' id='block_1_3' title="bbox 147 1154 1374 3997">
    <p class='ocr_par' dir='ltr' id='par_1_3' title="bbox 177 1154 1291 1481">
     <span class='ocr_line' id='line_1_8' title="bbox 177 1154 1290 1240; baseline 0.001 -20"><span class='ocrx_word' id='word_1_57' title='bbox 177 1237 179 1240; x_wconf 9' lang='grc' dir='ltr'><em>Α</em></span> <span class='ocrx_word' id='word_1_58' title='bbox 281 1157 407 1240; x_wconf 91' lang='lat' dir='ltr'>„Igitur</span> <span class='ocrx_word' id='word_1_59' title='bbox 439 1157 525 1221; x_wconf 90' lang='lat' dir='ltr'>aeris</span> <span class='ocrx_word' id='word_1_60' title='bbox 558 1176 652 1236; x_wconf 93' lang='lat' dir='ltr'>sono,</span> <span class='ocrx_word' id='word_1_61' title='bbox 682 1154 834 1222; x_wconf 84' lang='lat' dir='ltr'>tubarum</span> <span class='ocrx_word' id='word_1_62' title='bbox 871 1177 1094 1240; x_wconf 80' lang='lat' dir='ltr'>cornuumque</span> <span class='ocrx_word' id='word_1_63' title='bbox 1130 1165 1290 1224; x_wconf 81' lang='lat' dir='ltr'>concentu</span> 
     </span>
     <span class='ocr_line' id='line_1_9' title="bbox 240 1276 1291 1372; baseline -0.001 -30"><span class='ocrx_word' id='word_1_64' title='bbox 240 1283 439 1372; x_wconf 79' lang='lat' dir='ltr'>strepere3</span> <span class='ocrx_word' id='word_1_65' title='bbox 464 1282 563 1359; x_wconf 92' lang='lat' dir='ltr'>prout</span> <span class='ocrx_word' id='word_1_66' title='bbox 586 1276 790 1359; x_wconf 86' lang='lat' dir='ltr'>splendidior</span> <span class='ocrx_word' id='word_1_67' title='bbox 813 1276 1035 1356; x_wconf 88' lang='lat' dir='ltr'>obscuriorve,</span> <span class='ocrx_word' id='word_1_68' title='bbox 1056 1278 1209 1347; x_wconf 92' lang='lat' dir='ltr'>laetari</span> <span class='ocrx_word' id='word_1_69' title='bbox 1233 1284 1291 1341; x_wconf 92' lang='lat' dir='ltr'>aut</span> 
     </span>
     <span class='ocr_line' id='line_1_10' title="bbox 238 1396 1289 1481; baseline 0.003 -20"><span class='ocrx_word' id='word_1_70' title='bbox 238 1417 434 1478; x_wconf 69' lang='lat' dir='ltr'>maerere,</span> <span class='ocrx_word' id='word_1_71' title='bbox 458 1404 491 1463; x_wconf 95' lang='lat' dir='ltr'>et</span> <span class='ocrx_word' id='word_1_72' title='bbox 515 1404 688 1481; x_wconf 87' lang='lat' dir='ltr'>postquam</span> <span class='ocrx_word' id='word_1_73' title='bbox 712 1405 802 1464; x_wconf 89' lang='lat' dir='ltr'>ortae</span> <span class='ocrx_word' id='word_1_74' title='bbox 825 1397 929 1462; x_wconf 91' lang='lat' dir='ltr'>nubes</span> <span class='ocrx_word' id='word_1_75' title='bbox 953 1396 1091 1463; x_wconf 86' lang='lat' dir='ltr'>offecere</span> <span class='ocrx_word' id='word_1_76' title='bbox 1113 1398 1198 1461; x_wconf 90' lang='lat' dir='ltr'>visui</span> <span class='ocrx_word' id='word_1_77' title='bbox 1222 1418 1289 1464; x_wconf 87' lang='lat' dir='ltr'>cre-</span> 
     </span>
    </p>

    <p class='ocr_par' dir='ltr' id='par_1_4' title="bbox 185 1516 1290 1720">
     <span class='ocr_line' id='line_1_11' title="bbox 185 1516 1290 1600; baseline -0.001 -18"><span class='ocrx_word' id='word_1_78' title='bbox 185 1533 187 1536; x_wconf 54' lang='lat'><em>⁴</em></span> <span class='ocrx_word' id='word_1_79' title='bbox 238 1517 405 1600; x_wconf 90' lang='lat' dir='ltr'>ditumque</span> <span class='ocrx_word' id='word_1_80' title='bbox 422 1517 588 1583; x_wconf 89' lang='lat' dir='ltr'>conditam</span> <span class='ocrx_word' id='word_1_81' title='bbox 600 1517 753 1595; x_wconf 90' lang='lat' dir='ltr'>tenebris,</span> <span class='ocrx_word' id='word_1_82' title='bbox 768 1563 860 1579; x_wconf 89' lang='grc'><strong>.....</strong></span> <span class='ocrx_word' id='word_1_83' title='bbox 868 1516 952 1596; x_wconf 91' lang='lat' dir='ltr'>,sibi</span> <span class='ocrx_word' id='word_1_84' title='bbox 964 1522 1133 1583; x_wconf 89' lang='lat' dir='ltr'>aeteruum</span> <span class='ocrx_word' id='word_1_85' title='bbox 1143 1518 1290 1582; x_wconf 90' lang='lat' dir='ltr'>laborem</span> 
     </span>
     <span class='ocr_line' id='line_1_12' title="bbox 237 1636 1264 1720; baseline -0.002 -18"><span class='ocrx_word' id='word_1_86' title='bbox 237 1638 398 1720; x_wconf 88' lang='lat' dir='ltr'>portendi,</span> <span class='ocrx_word' id='word_1_87' title='bbox 420 1657 481 1702; x_wconf 92' lang='lat' dir='ltr'>sua</span> <span class='ocrx_word' id='word_1_88' title='bbox 504 1636 652 1703; x_wconf 89' lang='lat' dir='ltr'>facinora</span> <span class='ocrx_word' id='word_1_89' title='bbox 672 1636 818 1703; x_wconf 88' lang='lat' dir='ltr'>aversari</span> <span class='ocrx_word' id='word_1_90' title='bbox 842 1636 922 1702; x_wconf 89' lang='lat' dir='ltr'>deos</span> <span class='ocrx_word' id='word_1_91' title='bbox 944 1638 1264 1716; x_wconf 81' lang='lat' dir='ltr'>lamentantur·;“</span> 
     </span>
    </p>

    <p class='ocr_par' dir='ltr' id='par_1_5' title="bbox 150 1750 1107 1839">
     <span class='ocr_line' id='line_1_13' title="bbox 150 1750 1107 1839; baseline -0.009 -19"><span class='ocrx_word' id='word_1_92' title='bbox 150 1756 230 1822; x_wconf 91' lang='lat' dir='ltr'>ibid.</span> <span class='ocrx_word' id='word_1_93' title='bbox 253 1757 291 1839; x_wconf 89' lang='lat' dir='ltr'>V,</span> <span class='ocrx_word' id='word_1_94' title='bbox 315 1758 351 1820; x_wconf 85' lang='lat'>4:</span> <span class='ocrx_word' id='word_1_95' title='bbox 1105 1750 1107 1755; x_wconf 85' lang='lat'>&#39;</span> 
     </span>
    </p>

    <p class='ocr_par' dir='ltr' id='par_1_6' title="bbox 234 1875 1374 2677">
     <span class='ocr_line' id='line_1_14' title="bbox 283 1875 1287 1959; baseline 0 -20"><span class='ocrx_word' id='word_1_96' title='bbox 283 1877 334 1953; x_wconf 87' lang='lat' dir='ltr'>,Is</span> <span class='ocrx_word' id='word_1_97' title='bbox 358 1876 452 1941; x_wconf 84' lang='lat' dir='ltr'>fatali</span> <span class='ocrx_word' id='word_1_98' title='bbox 474 1876 617 1958; x_wconf 87' lang='lat' dir='ltr'>quodam</span> <span class='ocrx_word' id='word_1_99' title='bbox 640 1882 730 1941; x_wconf 92' lang='lat' dir='ltr'>motu</span> <span class='ocrx_word' id='word_1_100' title='bbox 760 1875 876 1959; x_wconf 78' lang='lat' dir='ltr'>(neque</span> <span class='ocrx_word' id='word_1_101' title='bbox 901 1876 987 1942; x_wconf 92' lang='lat' dir='ltr'>euim</span> <span class='ocrx_word' id='word_1_102' title='bbox 1015 1883 1092 1942; x_wconf 92' lang='lat' dir='ltr'>aute</span> <span class='ocrx_word' id='word_1_103' title='bbox 1122 1876 1287 1959; x_wconf 88' lang='lat' dir='ltr'>specimen</span> 
     </span>
     <span class='ocr_line' id='line_1_15' title="bbox 239 1995 1287 2082; baseline -0.002 -21"><span class='ocrx_word' id='word_1_104' title='bbox 239 1996 441 2074; x_wconf 75' lang='lat' dir='ltr'>constantiae</span> <span class='ocrx_word' id='word_1_105' title='bbox 465 1996 617 2082; x_wconf 85' lang='lat' dir='ltr'>dederat)</span> <span class='ocrx_word' id='word_1_106' title='bbox 642 2016 699 2062; x_wconf 88' lang='lat' dir='ltr'>scu</span> <span class='ocrx_word' id='word_1_107' title='bbox 723 2016 825 2079; x_wconf 85' lang='lat' dir='ltr'>prava</span> <span class='ocrx_word' id='word_1_108' title='bbox 848 1996 1005 2075; x_wconf 91' lang='lat' dir='ltr'>sollertia,</span> <span class='ocrx_word' id='word_1_109' title='bbox 1029 1995 1287 2063; x_wconf 91' lang='lat' dir='ltr'>dumimminen·</span> 
     </span>
     <span class='ocr_line' id='line_1_16' title="bbox 238 2115 1288 2200; baseline 0.003 -22"><span class='ocrx_word' id='word_1_110' title='bbox 238 2117 318 2181; x_wconf 92' lang='lat' dir='ltr'>tium</span> <span class='ocrx_word' id='word_1_111' title='bbox 341 2115 460 2181; x_wconf 89' lang='lat' dir='ltr'>oblitus</span> <span class='ocrx_word' id='word_1_112' title='bbox 483 2116 609 2182; x_wconf 88' lang='lat' dir='ltr'>incerta</span> <span class='ocrx_word' id='word_1_113' title='bbox 632 2123 745 2200; x_wconf 89' lang='lat' dir='ltr'>pavet,</span> <span class='ocrx_word' id='word_1_114' title='bbox 776 2117 962 2182; x_wconf 91' lang='lat' dir='ltr'>inserere</span> <span class='ocrx_word' id='word_1_115' title='bbox 993 2137 1027 2182; x_wconf 92' lang='lat' dir='ltr'>se</span> <span class='ocrx_word' id='word_1_116' title='bbox 1058 2116 1288 2181; x_wconf 87' lang='lat' dir='ltr'>dubitantibus</span> 
     </span>
     <span class='ocr_line' id='line_1_17' title="bbox 236 2235 1286 2318; baseline -0.001 -16"><span class='ocrx_word' id='word_1_117' title='bbox 236 2259 276 2302; x_wconf 88' lang='lat' dir='ltr'>ae</span> <span class='ocrx_word' id='word_1_118' title='bbox 297 2257 457 2303; x_wconf 92' lang='lat' dir='ltr'>mouere</span> <span class='ocrx_word' id='word_1_119' title='bbox 494 2239 712 2303; x_wconf 87' lang='lat' dir='ltr'>consulesne</span> <span class='ocrx_word' id='word_1_120' title='bbox 748 2236 941 2302; x_wconf 85' lang='lat' dir='ltr'>relationem</span> <span class='ocrx_word' id='word_1_121' title='bbox 970 2235 1167 2318; x_wconf 80' lang='lat' dir='ltr'>incipereut3</span> <span class='ocrx_word' id='word_1_122' title='bbox 1204 2235 1286 2301; x_wconf 91' lang='lat' dir='ltr'>dis·</span> 
     </span>
     <span class='ocr_line' id='line_1_18' title="bbox 235 2355 1374 2440; baseline 0.001 -18"><span class='ocrx_word' id='word_1_123' title='bbox 235 2359 481 2440; x_wconf 90' lang='lat' dir='ltr'>serebatque</span> <span class='ocrx_word' id='word_1_124' title='bbox 510 2356 666 2422; x_wconf 86' lang='lat' dir='ltr'>brevibus</span> <span class='ocrx_word' id='word_1_125' title='bbox 702 2356 875 2424; x_wconf 90' lang='lat' dir='ltr'>momentis</span> <span class='ocrx_word' id='word_1_126' title='bbox 909 2376 1034 2421; x_wconf 87' lang='lat' dir='ltr'>summa</span> <span class='ocrx_word' id='word_1_127' title='bbox 1063 2355 1159 2434; x_wconf 79' lang='lat' dir='ltr'>verti3</span> <span class='ocrx_word' id='word_1_128' title='bbox 1191 2376 1286 2438; x_wconf 90' lang='lat' dir='ltr'>posse</span> <span class='ocrx_word' id='word_1_129' title='bbox 1371 2372 1374 2376; x_wconf 75' lang='grc'><strong>’</strong></span> 
     </span>
     <span class='ocr_line' id='line_1_19' title="bbox 236 2475 1285 2560; baseline 0 -18"><span class='ocrx_word' id='word_1_130' title='bbox 236 2475 434 2560; x_wconf 90' lang='lat' dir='ltr'>quaudoque</span> <span class='ocrx_word' id='word_1_131' title='bbox 458 2475 574 2541; x_wconf 91' lang='lat' dir='ltr'>domus</span> <span class='ocrx_word' id='word_1_132' title='bbox 598 2475 785 2541; x_wconf 83' lang='lat' dir='ltr'>Germanici</span> <span class='ocrx_word' id='word_1_133' title='bbox 808 2476 946 2542; x_wconf 86' lang='lat' dir='ltr'>exitium</span> <span class='ocrx_word' id='word_1_134' title='bbox 969 2476 1190 2559; x_wconf 90' lang='lat' dir='ltr'>paenitentiae</span> <span class='ocrx_word' id='word_1_135' title='bbox 1214 2496 1285 2542; x_wconf 89' lang='lat' dir='ltr'>esse</span> 
     </span>
     <span class='ocr_line' id='line_1_20' title="bbox 234 2596 347 2677; baseline -0.027 -15"><span class='ocrx_word' id='word_1_136' title='bbox 234 2596 347 2677; x_wconf 81' lang='lat' dir='ltr'>seni;“</span> 
     </span>
    </p>

    <p class='ocr_par' dir='ltr' id='par_1_7' title="bbox 147 2714 1286 3166">
     <span class='ocr_line' id='line_1_21' title="bbox 149 2714 1286 2801; baseline -0.001 -20"><span class='ocrx_word' id='word_1_137' title='bbox 149 2716 229 2781; x_wconf 89' lang='lat' dir='ltr'>ibid.</span> <span class='ocrx_word' id='word_1_138' title='bbox 258 2717 329 2799; x_wconf 89' lang='lat' dir='ltr'>XV,</span> <span class='ocrx_word' id='word_1_139' title='bbox 357 2717 398 2781; x_wconf 80' lang='lat'>51</span> <span class='ocrx_word' id='word_1_140' title='bbox 422 2714 666 2801; x_wconf 83' lang='lat' dir='ltr'>(accendere</span> <span class='ocrx_word' id='word_1_141' title='bbox 695 2753 738 2762; x_wconf 90' lang='lat'>-</span> <span class='ocrx_word' id='word_1_142' title='bbox 766 2735 945 2798; x_wconf 89' lang='lat' dir='ltr'>urguere</span> <span class='ocrx_word' id='word_1_143' title='bbox 974 2750 1016 2760; x_wconf 90' lang='lat'>—-</span> <span class='ocrx_word' id='word_1_144' title='bbox 1042 2714 1230 2780; x_wconf 82' lang='lat' dir='ltr'>labefacere</span> <span class='ocrx_word' id='word_1_145' title='bbox 1255 2722 1286 2780; x_wconf 90' lang='lat' dir='ltr'>et</span> 
     </span>
     <span class='ocr_line' id='line_1_22' title="bbox 148 2833 1286 2922; baseline -0.001 -21"><span class='ocrx_word' id='word_1_146' title='bbox 148 2838 287 2921; x_wconf 84' lang='lat' dir='ltr'>inligare</span> <span class='ocrx_word' id='word_1_147' title='bbox 325 2837 466 2902; x_wconf 87' lang='lat' dir='ltr'>conisa</span> <span class='ocrx_word' id='word_1_148' title='bbox 500 2837 581 2922; x_wconf 84' lang='lat' dir='ltr'>est)</span> <span class='ocrx_word' id='word_1_149' title='bbox 619 2836 714 2919; x_wconf 91' lang='lat' dir='ltr'>alibi,</span> <span class='ocrx_word' id='word_1_150' title='bbox 757 2835 818 2902; x_wconf 92' lang='lat' dir='ltr'>sed</span> <span class='ocrx_word' id='word_1_151' title='bbox 857 2835 956 2901; x_wconf 90' lang='lat' dir='ltr'>etiam</span> <span class='ocrx_word' id='word_1_152' title='bbox 994 2834 1064 2899; x_wconf 94' lang='lat' dir='ltr'>siue</span> <span class='ocrx_word' id='word_1_153' title='bbox 1104 2835 1174 2898; x_wconf 90' lang='lat' dir='ltr'>ulla</span> <span class='ocrx_word' id='word_1_154' title='bbox 1216 2833 1286 2900; x_wconf 86' lang='lat' dir='ltr'>fere</span> 
     </span>
     <span class='ocr_line' id='line_1_23' title="bbox 148 2939 1285 3040; baseline -0.004 -16"><span class='ocrx_word' id='word_1_155' title='bbox 148 2957 344 3040; x_wconf 86' lang='lat' dir='ltr'>exceptione</span> <span class='ocrx_word' id='word_1_156' title='bbox 373 2956 523 3021; x_wconf 92' lang='lat' dir='ltr'>omuibus</span> <span class='ocrx_word' id='word_1_157' title='bbox 551 2939 680 3039; x_wconf 87' lang='lat' dir='ltr'>quoque</span> <span class='ocrx_word' id='word_1_158' title='bbox 711 2955 759 3021; x_wconf 90' lang='lat' dir='ltr'>eis</span> <span class='ocrx_word' id='word_1_159' title='bbox 787 2955 885 3032; x_wconf 87' lang='lat' dir='ltr'>locis,</span> <span class='ocrx_word' id='word_1_160' title='bbox 916 2954 973 3019; x_wconf 92' lang='lat' dir='ltr'>ubi</span> <span class='ocrx_word' id='word_1_161' title='bbox 997 2955 1082 3020; x_wconf 91' lang='lat' dir='ltr'>alter</span> <span class='ocrx_word' id='word_1_162' title='bbox 1104 2954 1285 3020; x_wconf 85' lang='lat' dir='ltr'>infinitivus</span> 
     </span>
     <span class='ocr_line' id='line_1_24' title="bbox 147 3074 963 3166; baseline -0.002 -26"><span class='ocrx_word' id='word_1_163' title='bbox 147 3077 188 3141; x_wconf 91' lang='lat' dir='ltr'>ab</span> <span class='ocrx_word' id='word_1_164' title='bbox 211 3078 273 3143; x_wconf 91' lang='lat' dir='ltr'>isto</span> <span class='ocrx_word' id='word_1_165' title='bbox 298 3077 447 3160; x_wconf 90' lang='lat' dir='ltr'>pendeus</span> <span class='ocrx_word' id='word_1_166' title='bbox 470 3076 607 3142; x_wconf 91' lang='lat' dir='ltr'>omissus</span> <span class='ocrx_word' id='word_1_167' title='bbox 630 3084 687 3157; x_wconf 91' lang='lat' dir='ltr'>est,</span> <span class='ocrx_word' id='word_1_168' title='bbox 711 3081 746 3166; x_wconf 88' lang='lat' dir='ltr'>ut</span> <span class='ocrx_word' id='word_1_169' title='bbox 769 3074 853 3138; x_wconf 89' lang='lat' dir='ltr'>Anu.</span> <span class='ocrx_word' id='word_1_170' title='bbox 878 3074 903 3156; x_wconf 95' lang='lat' dir='ltr'>I,</span> <span class='ocrx_word' id='word_1_171' title='bbox 926 3075 963 3138; x_wconf 85' lang='lat'>4:</span> 
     </span>
    </p>

    <p class='ocr_par' dir='ltr' id='par_1_8' title="bbox 232 3195 1284 3997">
     <span class='ocr_line' id='line_1_25' title="bbox 279 3195 1284 3281; baseline -0.002 -21"><span class='ocrx_word' id='word_1_172' title='bbox 279 3198 475 3281; x_wconf 89' lang='lat' dir='ltr'>,Postquam</span> <span class='ocrx_word' id='word_1_173' title='bbox 498 3203 655 3280; x_wconf 87' lang='lat' dir='ltr'>provecta</span> <span class='ocrx_word' id='word_1_174' title='bbox 683 3195 747 3259; x_wconf 88' lang='lat' dir='ltr'>iarn</span> <span class='ocrx_word' id='word_1_175' title='bbox 770 3200 922 3259; x_wconf 88' lang='lat' dir='ltr'>senectus</span> <span class='ocrx_word' id='word_1_176' title='bbox 952 3214 1054 3276; x_wconf 86' lang='lat' dir='ltr'>aegro</span> <span class='ocrx_word' id='word_1_177' title='bbox 1084 3200 1116 3258; x_wconf 92' lang='lat' dir='ltr'>et</span> <span class='ocrx_word' id='word_1_178' title='bbox 1146 3213 1284 3276; x_wconf 87' lang='lat' dir='ltr'>corpore</span> 
     </span>
     <span class='ocr_line' id='line_1_26' title="bbox 233 3312 1283 3400; baseline -0.003 -21"><span class='ocrx_word' id='word_1_179' title='bbox 233 3316 435 3400; x_wconf 80' lang='lat' dir='ltr'>fatigabatur</span> <span class='ocrx_word' id='word_1_180' title='bbox 463 3316 645 3398; x_wconf 87' lang='lat' dir='ltr'>aderatque</span> <span class='ocrx_word' id='word_1_181' title='bbox 674 3315 749 3379; x_wconf 89' lang='lat' dir='ltr'>finis</span> <span class='ocrx_word' id='word_1_182' title='bbox 778 3323 810 3381; x_wconf 90' lang='lat' dir='ltr'>et</span> <span class='ocrx_word' id='word_1_183' title='bbox 833 3335 908 3397; x_wconf 85' lang='lat' dir='ltr'>spes</span> <span class='ocrx_word' id='word_1_184' title='bbox 932 3333 1049 3395; x_wconf 85' lang='lat' dir='ltr'>novae,</span> <span class='ocrx_word' id='word_1_185' title='bbox 1074 3312 1172 3396; x_wconf 87' lang='lat' dir='ltr'>pauci</span> <span class='ocrx_word' id='word_1_186' title='bbox 1196 3313 1283 3377; x_wconf 94' lang='lat' dir='ltr'>bona</span> 
     </span>
     <span class='ocr_line' id='line_1_27' title="bbox 233 3432 1284 3515; baseline 0 -19"><span class='ocrx_word' id='word_1_187' title='bbox 233 3432 395 3498; x_wconf 88' lang='lat' dir='ltr'>libertatis</span> <span class='ocrx_word' id='word_1_188' title='bbox 428 3433 462 3497; x_wconf 93' lang='lat' dir='ltr'>in</span> <span class='ocrx_word' id='word_1_189' title='bbox 498 3452 627 3498; x_wconf 87' lang='lat' dir='ltr'>cassum</span> <span class='ocrx_word' id='word_1_190' title='bbox 657 3432 881 3514; x_wconf 83' lang='lat' dir='ltr'>disserere,</span> <span class='ocrx_word' id='word_1_191' title='bbox 910 3433 1022 3514; x_wconf 90' lang='lat' dir='ltr'>plures</span> <span class='ocrx_word' id='word_1_192' title='bbox 1057 3433 1179 3498; x_wconf 92' lang='lat' dir='ltr'>bellum</span> <span class='ocrx_word' id='word_1_193' title='bbox 1215 3452 1284 3515; x_wconf 94' lang='lat' dir='ltr'>pa-</span> 
     </span>
     <span class='ocr_line' id='line_1_28' title="bbox 234 3550 1282 3636; baseline -0.001 -20"><span class='ocrx_word' id='word_1_194' title='bbox 234 3572 416 3635; x_wconf 86' lang='lat' dir='ltr'>vescere,</span> <span class='ocrx_word' id='word_1_195' title='bbox 440 3552 499 3618; x_wconf 91' lang='lat' dir='ltr'>alii</span> <span class='ocrx_word' id='word_1_196' title='bbox 523 3572 679 3636; x_wconf 89' lang='lat' dir='ltr'>cupere.</span> <span class='ocrx_word' id='word_1_197' title='bbox 704 3571 780 3635; x_wconf 92' lang='lat' dir='ltr'>pars</span> <span class='ocrx_word' id='word_1_198' title='bbox 809 3552 910 3615; x_wconf 91' lang='lat' dir='ltr'>multo</span> <span class='ocrx_word' id='word_1_199' title='bbox 940 3550 1085 3615; x_wconf 84' lang='lat' dir='ltr'>maxima</span> <span class='ocrx_word' id='word_1_200' title='bbox 1113 3551 1282 3618; x_wconf 91' lang='lat' dir='ltr'>imminen-</span> 
     </span>
     <span class='ocr_line' id='line_1_29' title="bbox 233 3669 1280 3739; baseline -0.002 -1"><span class='ocrx_word' id='word_1_201' title='bbox 233 3674 275 3739; x_wconf 93' lang='lat' dir='ltr'>tis</span> <span class='ocrx_word' id='word_1_202' title='bbox 311 3673 461 3739; x_wconf 89' lang='lat' dir='ltr'>dominos</span> <span class='ocrx_word' id='word_1_203' title='bbox 498 3671 599 3737; x_wconf 88' lang='lat' dir='ltr'>variis</span> <span class='ocrx_word' id='word_1_204' title='bbox 632 3671 816 3736; x_wconf 89' lang='lat' dir='ltr'>rumoribus</span> <span class='ocrx_word' id='word_1_205' title='bbox 845 3669 1119 3736; x_wconf 85' lang='lat' dir='ltr'>differebant:</span> <span class='ocrx_word' id='word_1_206' title='bbox 1155 3679 1280 3738; x_wconf 90' lang='lat' dir='ltr'>trucem</span> 
     </span>
     <span class='ocr_line' id='line_1_30' title="bbox 233 3791 1282 3877; baseline -0.001 -20"><span class='ocrx_word' id='word_1_207' title='bbox 233 3793 413 3877; x_wconf 81' lang='lat' dir='ltr'>Agrippam</span> <span class='ocrx_word' id='word_1_208' title='bbox 448 3800 481 3859; x_wconf 93' lang='lat' dir='ltr'>et</span> <span class='ocrx_word' id='word_1_209' title='bbox 516 3791 696 3875; x_wconf 88' lang='lat' dir='ltr'>ignominia</span> <span class='ocrx_word' id='word_1_210' title='bbox 731 3810 905 3856; x_wconf 87' lang='lat' dir='ltr'>accensum</span> <span class='ocrx_word' id='word_1_211' title='bbox 939 3811 1004 3854; x_wconf 93' lang='lat' dir='ltr'>uon</span> <span class='ocrx_word' id='word_1_212' title='bbox 1038 3797 1147 3856; x_wconf 89' lang='lat' dir='ltr'>aetate</span> <span class='ocrx_word' id='word_1_213' title='bbox 1176 3812 1282 3874; x_wconf 90' lang='lat' dir='ltr'>neque</span> 
     </span>
     <span class='ocr_line' id='line_1_31' title="bbox 232 3909 1276 3997; baseline -0.001 -21"><span class='ocrx_word' id='word_1_214' title='bbox 232 3932 340 3978; x_wconf 90' lang='lat' dir='ltr'>rerum</span> <span class='ocrx_word' id='word_1_215' title='bbox 363 3913 567 3997; x_wconf 86' lang='lat' dir='ltr'>experientia</span> <span class='ocrx_word' id='word_1_216' title='bbox 589 3919 701 3977; x_wconf 89' lang='lat' dir='ltr'>tantae</span> <span class='ocrx_word' id='word_1_217' title='bbox 724 3909 803 3976; x_wconf 93' lang='lat' dir='ltr'>moli</span> <span class='ocrx_word' id='word_1_218' title='bbox 826 3931 938 3994; x_wconf 88' lang='lat' dir='ltr'>parem</span> <span class='ocrx_word' id='word_1_219' title='bbox 963 3909 1048 3996; x_wconf 88' lang='lat' dir='ltr'>(soil.</span> <span class='ocrx_word' id='word_1_220' title='bbox 1072 3910 1189 3995; x_wconf 89' lang='lat' dir='ltr'>esse)..</span> <span class='ocrx_word' id='word_1_221' title='bbox 1216 3958 1223 3974; x_wconf 90' lang='lat'><strong>.</strong></span> <span class='ocrx_word' id='word_1_222' title='bbox 1250 3917 1276 3974; x_wconf 85' lang='lat'>.“</span> 
     </span>
    </p>
   </div>
   <div class='ocr_carea' id='block_1_4' title="bbox 147 4098 1282 4304">
    <p class='ocr_par' dir='ltr' id='par_1_9' title="bbox 147 4098 1282 4304">
     <span class='ocr_line' id='line_1_32' title="bbox 232 4098 1282 4184; baseline 0.002 -21"><span class='ocrx_word' id='word_1_223' title='bbox 232 4099 331 4184; x_wconf 84' lang='lat' dir='ltr'>Apud</span> <span class='ocrx_word' id='word_1_224' title='bbox 354 4099 548 4166; x_wconf 87' lang='lat' dir='ltr'>Sallustium</span> <span class='ocrx_word' id='word_1_225' title='bbox 571 4122 624 4168; x_wconf 89' lang='lat' dir='ltr'>res</span> <span class='ocrx_word' id='word_1_226' title='bbox 646 4102 743 4168; x_wconf 92' lang='lat' dir='ltr'>aliter</span> <span class='ocrx_word' id='word_1_227' title='bbox 765 4121 800 4166; x_wconf 90' lang='lat' dir='ltr'>se</span> <span class='ocrx_word' id='word_1_228' title='bbox 824 4099 940 4179; x_wconf 79' lang='lat' dir='ltr'>habet3</span> <span class='ocrx_word' id='word_1_229' title='bbox 962 4098 990 4164; x_wconf 92' lang='lat' dir='ltr'>is</span> <span class='ocrx_word' id='word_1_230' title='bbox 1013 4099 1099 4165; x_wconf 94' lang='lat' dir='ltr'>euim</span> <span class='ocrx_word' id='word_1_231' title='bbox 1122 4098 1282 4165; x_wconf 90' lang='lat' dir='ltr'>infinitivo</span> 
     </span>
     <span class='ocr_line' id='line_1_33' title="bbox 147 4217 1138 4304; baseline 0 -20"><span class='ocrx_word' id='word_1_232' title='bbox 147 4220 298 4286; x_wconf 93' lang='lat' dir='ltr'>historico</span> <span class='ocrx_word' id='word_1_233' title='bbox 322 4221 424 4285; x_wconf 92' lang='lat' dir='ltr'>alium</span> <span class='ocrx_word' id='word_1_234' title='bbox 447 4219 540 4284; x_wconf 84' lang='lat' dir='ltr'>addit</span> <span class='ocrx_word' id='word_1_235' title='bbox 564 4241 607 4286; x_wconf 84' lang='lat' dir='ltr'>ex</span> <span class='ocrx_word' id='word_1_236' title='bbox 630 4220 688 4286; x_wconf 93' lang='lat' dir='ltr'>illo</span> <span class='ocrx_word' id='word_1_237' title='bbox 710 4219 909 4304; x_wconf 88' lang='lat' dir='ltr'>pendentem</span> <span class='ocrx_word' id='word_1_238' title='bbox 932 4217 1003 4283; x_wconf 84' lang='lat' dir='ltr'>Cat.</span> <span class='ocrx_word' id='word_1_239' title='bbox 1027 4219 1078 4302; x_wconf 74' lang='lat'>25,</span> <span class='ocrx_word' id='word_1_240' title='bbox 1101 4221 1138 4284; x_wconf 70' lang='grc' dir='ltr'>ὃς</span> 
     </span>
    </p>
   </div>
   <div class='ocr_carea' id='block_1_5' title="bbox 0 0 1444 4762">
    <p class='ocr_par' dir='ltr' id='par_1_10' title="bbox 0 0 1444 4762">
     <span class='ocr_line' id='line_1_34' title="bbox 0 0 1444 4762; baseline 0 2"><span class='ocrx_word' id='word_1_241' title='bbox 0 0 1444 4762; x_wconf 95' lang='lat' dir='ltr'> </span> 
     </span>
    </p>
   </div>
  </div>
 </body>
</html>
