2880 4762
691 181 735 243 40

231 349 333 415 ditum
365 349 438 414 laus
472 369 570 432 quam
598 347 770 413 Tencteris
798 346 955 427 equitum.
983 347 1030 413 sie
1059 346 1290 415 instituere

231 469 390 534 maiores:
408 468 531 552 posteri
546 467 725 533 imitantur.
747 466 781 530 hi
805 467 897 532 lusus
918 467 1103 551 infantium,
1126 467 1213 534 haec
1239 467 1289 534 in-

231 609 350 655 venum
374 588 569 669 aemulati03
593 594 807 670 perseverant
828 587 958 652 senes.“

231 711 293 775 Hic
329 707 551 773 instituere
586 706 722 771 sormam
756 706 951 771 infinitivum
986 726 1058 773 esse
1092 707 1289 775 historicum

144 830 236 896 nullo
259 826 364 893 modo,
381 826 520 911 eogitari
544 846 649 909 posse,
672 827 836 892 neminem
859 825 972 909 fugiet.
1013 866 1019 875 ·

232 947 338 1013 Simili
363 946 470 1026 modo,
494 944 575 1026 quid
599 946 640 1010 de
663 944 752 1010 sacto
784 946 926 1028 quodam
956 952 989 1012 et
1017 946 1059 1012 de
1088 947 1210 1013 effectu
1240 949 1288 1016 rei

146 1067 343 1151 compererit
365 1065 641 1148 intellexeritque,
665 1073 818 1130 narratur
840 1087 861 1130 a
883 1066 1000 1132 Tacito
1023 1066 1109 1131 Anu.
1137 1068 1193 1151 IV,
1226 1071 1286 1134 62:

248 1187 338 1270 ,Et
361 1185 410 1250 illi
433 1184 575 1268 quidem,
600 1205 682 1268 quos
710 1185 907 1269 principium
936 1186 1055 1270 stragis
1083 1187 1117 1251 in
1146 1195 1288 1255 mortem

232 1305 418 1388 adflixerat,
435 1313 470 1371 ut
486 1306 546 1371 tali
561 1313 658 1388 sorte,
676 1305 856 1370 cruciatum
879 1304 1083 1388 effugere:
1106 1307 1289 1374 miserandi

234 1426 339 1510 magis
362 1446 446 1509 quos
468 1427 609 1508 abrupta
631 1432 724 1509 parte
748 1425 892 1508 corporis
920 1425 1064 1491 nondum
1092 1429 1161 1492 vita
1192 1428 1288 1496 dese-

233 1554 360 1627 ruerat3
395 1545 452 1628 qui
488 1565 548 1628 per
576 1544 663 1611 diem
693 1545 782 1627 visu,
810 1565 871 1628 per
897 1552 1024 1612 noctem
1053 1547 1233 1613 ululatibus
1256 1557 1290 1616 et

232 1666 355 1750 gemitu
379 1665 536 1749 coniuges
558 1672 615 1730 aut
637 1666 758 1731 liberos
781 1650 995 1747 noscebant;“

146 1795 179 1854 et
201 1769 280 1852 iric.
303 1786 358 1867 iv,
385 1787 439 1850 ra:

280 1905 423 1984 „Eodem
445 1926 532 1971 anno
555 1905 670 1989 Frisii,
699 1904 955 1971 transrhenanus
983 1908 1139 1990 populus,
1169 1927 1291 1990 pacem

235 2046 405 2109 exuere,
429 2032 541 2091 nostra
563 2026 668 2108 magis
690 2025 830 2090 avaritia
846 2046 943 2108 quarn
959 2027 1108 2109 obsequii
1123 2026 1290 2111 inpatien-

233 2153 291 2212 tes.
313 2146 469 2213 tributum
492 2145 532 2211 iis
555 2146 681 2211 Drusus
704 2147 843 2211 iusserat
865 2145 1065 2228 modicum;“

147 2272 188 2333 et.
212 2266 295 2331 Hist.
319 2267 377 2347 ΙΙΙ,
402 2267 458 2330 23:

279 2435 292 2463 „
309 2434 316 2449 .
331 2433 337 2447 .
355 2385 487 2449 ballista
502 2384 691 2468 ingentibus
707 2385 798 2450 saxis
813 2384 965 2451 hostilem
981 2386 1085 2451 aciem
1098 2387 1290 2469 proruebat.

233 2505 364 2588 lateque
399 2504 526 2570 cladem
555 2505 735 2586 intulisset,
766 2505 800 2568 ni
830 2504 895 2570 duo
931 2504 1052 2571 milites
1080 2508 1292 2589 praeclarum

234 2625 362 2691 facinus
385 2626 466 2708 ausi,
491 2625 629 2708 arreptis
652 2646 670 2690 e
694 2631 805 2707 strage
829 2625 929 2690 scutis
949 2625 1100 2708 ignorati,
1123 2627 1234 2691 vincla
1249 2647 1292 2705 ac

233 2746 433 2811 libramenta
461 2750 623 2809 tormento
651 2743 880 2811 abscidissent.
910 2746 1018 2810 statim
1047 2745 1292 2813 confessisunt

237 2885 343 2947 eoque
366 2863 623 2930 intercidere
639 2864 788 2928 nomina:
813 2864 855 2929 de
871 2865 958 2931 facto
975 2866 1064 2930 haud
1079 2865 1288 2950 ambigitur.“

239 3002 347 3067 [itiam
371 3001 421 3066 his
444 3000 544 3084 igitur
566 3001 647 3067 loeis
671 3008 703 3068 et
719 3001 794 3068 aliis
810 3001 926 3068 eadem
947 3003 1072 3070 ratione
1095 3003 1291 3087 conscriptis

149 3123 310 3206 effugere,
346 3123 486 3200 exuere,
522 3121 718 3188 intercidere
747 3122 923 3206 legendum
953 3142 1040 3203 esse,
1071 3123 1159 3188 haud
1188 3124 1290 3191 facile

147 3243 319 3326 quisquam
342 3241 486 3325 negabit.

233 3380 278 3444 At
311 3385 443 3461 praeter
479 3377 667 3443 huiusmodi
699 3379 791 3453 ,locos
819 3379 918 3445 etiam
948 3381 1131 3462 complures
1161 3380 1289 3447 inveni·

147 3505 263 3579 untur,
298 3498 425 3581 quibus,
446 3504 580 3580 propter
606 3497 750 3580 inopiam
778 3500 921 3564 omnium
951 3499 1099 3566 eiusdem
1131 3500 1289 3582 temporis

149 3617 191 3684 de
214 3617 277 3685 hac
300 3637 334 3682 re
359 3616 679 3683 animadversionum
702 3618 800 3685 hodie
816 3641 888 3685 non
909 3620 975 3684 iam
998 3627 1087 3684 certo
1111 3618 1289 3685 diiudicari

150 3743 269 3821 potest,
294 3742 401 3801 utrum
425 3736 560 3815 formae,
591 3757 676 3819 quae
706 3737 778 3804 istie
807 3739 949 3822 scriptae
972 3746 1056 3818 sunt,
1079 3739 1192 3806 finitae
1221 3739 1288 3805 sint

149 3878 192 3922 an
218 3856 372 3940 infinitivi
396 3855 554 3936 historici,
577 3857 673 3921 sicuti
696 3857 782 3922 Anni
804 3858 831 3938 I,
854 3860 911 3923 51:

281 3974 366 4054 ,Sed
394 3975 514 4056 hostes,
549 3975 653 4042 donec
687 3998 804 4060 agmen
836 3999 894 4060 per
923 3980 1027 4044 saltus
1055 3979 1287 4062 porrigeretur,

233 4094 369 4169 immoti.
394 4094 470 4160 dein
494 4096 597 4162 latera
620 4103 652 4162 et
675 4097 816 4163 frontem
837 4098 966 4164 modice
988 4099 1201 4179 adsultantes,
1216 4105 1287 4164 tota

235 4215 267 4278 ri
292 4215 485 4280 novissimos
508 4217 731 4282 incurrere.
755 4213 1035 4301 turbabanturque
1067 4218 1175 4284 densis
1204 4217 1286 4284 (ier-
