2880 4762
702 241 745 305 53

154 408 289 479 ferox:
312 409 387 493 Jug.
411 412 462 494 84,
488 414 505 474 1
530 431 560 474 v.
584 410 732 476 infestus.

153 534 337 619 ignarus:
366 530 443 614 Jug.
474 532 525 613 67,
559 533 592 595 l:
623 529 761 596 Romani
784 530 921 613 milites,
944 530 1111 615 inproviso
1136 538 1223 598 metu
1245 530 1294 596 in·

239 652 319 720 certi
340 651 562 735 ignarique
587 651 667 733 quid
697 651 912 734 potissumum
934 651 1089 734 facerent,
1112 653 1292 736 trepidare;

243 810 280 818 -
305 771 388 836 Hist.
411 771 454 853 ΙΙ,
480 772 535 836 18:
559 770 629 837 Sed
650 770 828 837 indomitus
850 774 945 839 miles
967 778 1000 838 et
1021 771 1102 837 belli
1124 772 1293 858 ignarus

241 889 398 972 correptis
421 888 522 972 signis
546 889 745 972 vexillisque
768 911 864 956 ruere
896 897 929 957 et
951 890 1103 957 retinenti
1127 891 1203 956 duci
1225 892 1293 957 tela

149 1071 154 1082 ,
237 1012 409 1091 intentare,
434 1010 553 1092 spretis
577 1009 822 1076 centurionibus
845 1009 1057 1103 tribunisque.

153 1129 391 1213 impatiens:
424 1126 509 1190 Ann.
540 1126 634 1210 XIII,
665 1128 721 1192 lb:
756 1127 824 1194 Sed
845 1127 933 1194 Nero
962 1129 1043 1195 lenti
1065 1130 1199 1196 sceleris
1231 1130 1291 1194 in-

240 1248 405 1332 patiens
427 1247 570 1312 minitari
592 1247 732 1327 tribuno,
756 1247 870 1314 iubere
893 1248 1090 1332 supplicium
1112 1249 1291 1331 veneficae,

239 1360 334 1453 quod*
352 1415 486 1433 .....
510 1376 723 1434 morarentur.
1178 1342 1179 1345 Ἴ

151 1492 355 1556 incertus:
380 1489 456 1574 Jug.
481 1491 532 1571 67,
559 1491 576 1552 1
608 1511 638 1552 v.
662 1490 807 1571 ignarus.

152 1589 387 1676 indefessus
412 1607 455 1694 (l)
479 1609 613 1692 Anni,
644 1610 700 1672 64;
732 1607 888 1675 Germani
918 1610 960 1674 ob
990 1629 1148 1692 prospera
1177 1608 1292 1673 inde-

239 1729 356 1811 fessi,
380 1749 421 1794 ne
438 1737 506 1792 tum
523 1728 656 1810 quidem
671 1736 800 1812 sumpta
821 1729 942 1814 quiete,
960 1736 1117 1810 quantum
1133 1749 1292 1812 aquarum

239 1848 361 1913 circum
383 1848 594 1931 surgentibus
615 1849 702 1931 iugis
725 1849 828 1914 oritur
851 1856 977 1915 vertere
1002 1850 1039 1926 (l)
1069 1849 1103 1913 in
1133 1850 1290 1923 subiecta,

239 1967 532 2078 mersaquehumo
556 1975 589 2033 et
614 1969 729 2034 obruto
754 1969 843 2052 quod
866 1969 1018 2036 effectum
1047 1969 1156 2053 operis
1183 1968 1290 2052 dupli-

239 2095 331 2153 catus
353 2087 451 2151 militi
473 2089 577 2153 labor.

151 2206 392 2274 indomitus:
416 2208 500 2272 Hist.
523 2206 565 2289 Π,
593 2209 631 2273 18
655 2228 685 2271 v.
710 2207 874 2291 ignarus'

151 2327 353 2394 infensus:
377 2327 461 2392 Hist.
484 2328 511 2411 Ι,
537 2329 592 2392 72:
616 2328 664 2392 Eo
688 2327 895 2394 infensior
923 2329 1082 2411 populus,
1109 2327 1225 2392 addita
1247 2327 1291 2391 ad

237 2455 331 2513 vetus
360 2446 516 2530 Tigellini
548 2446 659 2510 odium
689 2447 813 2511 recenti
842 2446 909 2510 Titi
937 2446 1027 2510 Vinii
1049 2445 1190 2528 invidia,
1215 2467 1291 2511 con·

238 2588 368 2633 currere
386 2588 403 2632 e
420 2573 490 2631 tota
513 2564 593 2630 urbe
617 2564 650 2627 in
667 2563 831 2628 Palatium
853 2585 893 2628 ac
917 2563 999 2647 fora,
1023 2572 1056 2631 et
1079 2565 1135 2629 nbi
1150 2564 1291 2649 plurima

172 2715 174 2719 ¹
237 2685 328 2770 volgi
362 2684 506 2766 licentia,
541 2684 575 2747 in
609 2683 731 2748 circum
765 2703 805 2748 ac
836 2684 963 2750 theatra
997 2683 1092 2751 ctiusi
1125 2684 1291 2752 seditiosis
1395 2686 1398 2693 '

238 2805 374 2870 vocibus
398 2811 552 2887 strepere,
578 2804 684 2870 donec
708 2852 714 2866 .
740 2850 746 2864 .
771 2850 778 2864 .
803 2849 810 2863 .

149 2925 348 2992 infestus:
383 2925 458 3008 Jug.
483 2926 535 3006 84,
561 2926 595 2986 t:
630 2925 674 2988 At
708 2923 831 2989 Marius
861 2971 867 2985 .
898 2970 905 2984 .
935 2971 942 2986 .
973 2971 979 2986 .
1010 2931 1108 2992 antea
1137 2925 1203 2989 iam
1231 2925 1290 2989 in-

237 3024 372 3111 festus
394 3043 569 3127 nobilitati,
593 3051 661 3108 tum
677 3063 754 3108 vero
772 3045 894 3109 multus
916 3049 1016 3127 atquc
1039 3045 1135 3111 ferox
1156 3044 1288 3126 instare,

236 3165 383 3249 singulos
411 3163 507 3228 modo
537 3164 633 3228 modo
662 3163 833 3228 univorsos
861 3164 1009 3247 laedere,
1041 3164 1191 3229 dictitare
1219 3152 1289 3230 se'se

238 3286 443 3350 consulatum
467 3303 510 3350 cx
533 3282 629 3348 victis
651 3282 719 3347 illis
741 3283 848 3366 spolia
871 3283 1007 3367 cepisse,
1031 3283 1098 3348 alia
1120 3290 1291 3367 praeterea

238 3403 414 3487 magnifica
444 3423 502 3486 pro
534 3423 568 3469 se
593 3410 625 3468 et
646 3402 714 3467 illis
737 3402 892 3469 dolentia.
936 3403 1066 3469 interim
1094 3424 1179 3486 quae
1201 3405 1289 3470 bello

237 3544 320 3607 opus
345 3532 437 3590 erant
459 3522 565 3606 prima
590 3522 728 3605 babere,
759 3524 925 3606 postulare
953 3523 1139 3607 legionibus
1160 3526 1290 3609 supple-

236 3651 410 3709 mentum.
436 3693 443 3707 .
470 3690 476 3704 .
502 3690 509 3705 .

93 3817 96 3822 ,
148 3771 343 3831 maestus:
367 3764 451 3827 Ann.
475 3762 546 3847 XV,
572 3766 626 3829 16:
654 3763 803 3831 Maesti
826 3763 989 3847 manipuli
1007 3785 1047 3830 ac
1075 3765 1181 3833 vicem
1204 3786 1289 3830 com·

235 3885 417 3950 militonum
451 3884 644 3950 miserantes
673 3905 715 3951 nc
744 3883 890 3949 lacrimis
925 3883 1057 3966 quidem
1090 3892 1288 3969 temperare;

208 4005 293 4083 ¹uin
315 4002 394 4088 prae
417 4005 496 4075 fletu
519 4013 677 4089 usurpata
701 4005 927 4071 consalutatio.

147 4144 310 4197 memor:
333 4121 402 4190 (lat.
426 4126 478 4206 60,
502 4125 538 4188 3:
568 4125 723 4191 Veterani
752 4124 908 4207 pristinae
937 4123 1066 4190 virtutis
1094 4143 1288 4190 memores
1372 4141 1375 4146 ·

235 4243 413 4309 comminus
436 4245 555 4312 acriter
577 4242 709 4309 instare.
