2880 4762
693 156 736 219 34

96 369 98 375 ·
147 349 208 396 nec
232 336 312 393 tum
335 326 615 404 antecedentibus,
639 347 712 390 cum
735 327 904 421 infinitivis
926 327 1090 393 historicis
1108 327 1292 394 coniuncta

147 450 309 532 leguntur.
353 447 441 512 Illud
463 447 509 525 fit,
532 453 567 511 ut
591 449 742 529 exemplo
768 458 849 526 utar,
873 448 957 512 Anu.
981 449 1057 528 XII,
1081 451 1139 514 47:

279 568 347 646 „Ac
370 567 474 650 primo
502 565 712 632 Radamistus
739 568 773 631 in
802 551 975 650 amplexus
1005 570 1075 635 cius
1098 569 1225 635 effusus
1249 571 1291 635 si·

235 691 362 753 mulare
397 685 606 768 obsequium,
642 706 792 752 socerum
826 709 865 753 ac
899 696 1069 771 parentem
1099 690 1290 772 appellare,

236 807 339 873 adicit
361 807 412 872 111
434 806 624 884 iurandum,
648 828 714 871 nou
737 787 839 887 ferro,
863 829 927 873 non
952 830 1080 876 veneno
1104 810 1171 874 vim
1195 808 1290 874 adla-

236 935 352 993 turum.
383 927 479 992 simul
514 926 549 991 11
583 928 694 991 lucum
723 928 942 1010 propinquum
973 930 1087 1009 trahit,
1118 931 1291 1013 provisum

236 1047 304 1111 illic
328 1045 487 1111 sacrificii
510 1053 667 1129 paratum,
686 1046 851 1127 dictitans,
876 1055 912 1112 ut
935 1097 942 1110 .
968 1097 975 1111 .
1001 1053 1030 1109 .“

150 1169 212 1233 hoc
234 1168 309 1250 Jug.
333 1168 384 1244 33,
408 1168 443 1231 3:

281 1287 344 1369 „At
368 1286 402 1351 Ο.
426 1286 596 1352 Memmius
622 1332 758 1349 .....
785 1288 939 1371 dignitati
963 1308 1060 1369 quarn
1088 1289 1158 1354 irae
1181 1291 1292 1374 magis

240 1411 415 1475 consulens
431 1408 546 1474 sedare
562 1417 668 1474 motus
683 1416 716 1473 ct
731 1409 857 1474 animos
875 1430 986 1475 eorum
1002 1411 1138 1491 mollire,
1162 1418 1292 1494 postre-

238 1550 289 1594 mo
309 1528 509 1608 confirmare,
528 1526 626 1593 iidem
646 1528 810 1610 publicam
824 1550 883 1612 per
894 1550 965 1596 sese
978 1530 1170 1596 inviolatam
1184 1530 1292 1597 fore.“

239 1649 337 1714 Haud
359 1648 476 1738 [minus
510 1668 610 1730 saepe
637 1657 839 1732 postremo
869 1650 1063 1716 adverbium
1091 1653 1212 1729 solum,
1244 1651 1292 1715 in·

152 1770 287 1836 finitivis
305 1770 473 1860 historicis
496 1770 784 1852 antecedentibus,
809 1774 944 1837 verbum
973 1773 1101 1836 finitum
1129 1772 1291 1854 sequitur,

153 1893 199 1957 ita
222 1898 257 1956 11
281 1891 340 1956 hoc
363 1912 428 1956 non
451 1913 512 1973 res,
537 1912 622 1975 quae
645 1893 815 1958 infinitivis
837 1893 1000 1958 historicis
1022 1900 1207 1976 narrantur,
1231 1896 1293 1961 sed

154 2012 251 2076 modo
280 2009 475 2077 sententiam
505 2011 553 2076 eis
583 2012 794 2094 praemissam
824 2011 976 2076 conficiat
1004 2018 1103 2094 atque
1138 2013 1294 2079 absolvat

154 2132 250 2198 modo
281 2132 368 2197 facta
396 2132 468 2215 ipsa
497 2131 605 2195 omnia
635 2131 927 2214 comprehensione
957 2134 1194 2214 complectatur
1223 2155 1294 2201 una

155 2252 406 2335 germaniaeque
428 2252 633 2318 reddendum
663 2254 704 2318 sit
732 2272 805 2335 per:
835 2251 959 2335 „hurd
988 2254 1057 2320 sive
1080 2256 1160 2336 „mit
1181 2256 1293 2322 1111111

155 2373 295 2453 Worte“,
320 2371 415 2436 sicuti
440 2372 509 2436 Cat.
535 2373 584 2452 27,
611 2374 626 2435 1
651 2392 709 2436 ss:

286 2493 411 2575 „Igitur
440 2490 474 2557 (l.
497 2493 654 2557 Manlium
686 2495 846 2559 Faesulas
875 2501 973 2576 atquc
1002 2495 1035 2558 in
1065 2515 1136 2560 eam
1164 2504 1294 2578 partem

241 2614 403 2693 Etruriae,
428 2613 619 2696 Septimium
648 2614 811 2696 quendam
835 2613 1018 2681 Camertem
1045 2616 1079 2679 in
1102 2636 1215 2699 agrum
1240 2617 1296 2681 Pi-

242 2734 427 2815 cenum-C.
452 2734 578 2798 ι1111111
602 2736 636 2797 11
653 2734 808 2816 Apuliam
832 2733 970 2818 dimisit3
994 2746 1167 2819 praeterea
1190 2736 1295 2801 alium

243 2855 324 2936 alio,
355 2875 451 2937 quem
482 2856 603 2936 ubique
634 2859 850 2937 opportunum
874 2855 937 2920 sibi
960 2855 1030 2921 fore
1054 2856 1219 2921 credebat.
1244 2858 1295 2921 in-

242 2981 333 3039 terea
368 2974 490 3039 Romae
514 2976 617 3038 multa
647 2974 743 3039 simul
772 2972 894 3055 moliri,
931 2975 1120 3042 consulibus
1153 2976 1296 3044 insidias

242 3094 388 3174 tendere,
413 3114 529 3176 parare
545 3094 709 3174 incendia,
733 3102 919 3179 opportuna
943 3097 1017 3163 loca
1040 3097 1174 3162 armatis
1190 3097 1295 3162 homi-

242 3214 338 3279 nibus
362 3214 523 3295 obsidere,
547 3215 619 3298 ipse
643 3236 715 3281 oum
738 3219 803 3282 telo
833 3237 922 3296 esse,
950 3217 1028 3283 item
1057 3217 1140 3282 alios
1168 3215 1294 3301 iubere,

245 3334 367 3398 hortari
390 3335 436 3398 uti
461 3354 588 3417 semper
611 3335 728 3400 intenti
751 3335 923 3419 paratique
947 3344 1065 3419 111111,
1089 3335 1159 3401 (1111
1174 3336 1294 3402 111111-

245 3477 310 3538 que
340 3455 498 3520 festinare
522 3455 677 3538 vigilare,
709 3477 816 3538 neque
846 3456 1015 3522 insomniis
1044 3476 1152 3539 neque
1179 3455 1295 3522 labore

246 3576 390 3659 fatigari.
430 3584 636 3659 postremo
661 3577 716 3641 ubi
741 3579 843 3644 multa
867 3576 1006 3660 agitanti
1030 3575 1111 3639 nibil
1134 3573 1295 3657 procedit,

246 3718 357 3762 rursus
374 3697 571 3779 intempesta
587 3706 683 3763 nocte
701 3697 936 3763 coniurationis
952 3694 1117 3779 principes
1134 3705 1296 3763 convocat

247 3842 305 3903 per
327 3821 368 3883 11.
392 3818 541 3883 Porcium
564 3820 714 3898 Laecam,
739 3820 882 3903 ibique.
907 3866 914 3881 .
939 3866 945 3879 .
971 3863 978 3877 .
1003 3816 1100 3881 docet
1123 3864 1129 3879 .
1155 3865 1161 3878 .
1187 3819 1216 3878 .“

158 3944 297 4011 111111.
322 3942 380 4022 XI,
407 3942 461 4004 12:

287 4062 371 4142 „Illa
393 4061 508 4145 (Junia
530 4061 658 4144 Silana)
680 4080 744 4124 non
769 4059 895 4141 furtim,
919 4056 979 4124 sed
1002 4059 1103 4139 multo
1135 4056 1294 4121 comitatu

244 4183 406 4249 ventitare
425 4183 568 4262 domum,
589 4178 776 4263 egressibus
793 4178 1047 4260 adhaerescere,
1068 4176 1181 4259 largiri
1203 4195 1292 4258 opes,
