2880 4762
613 422 693 506 Cap.
717 421 818 488 VIII.
887 418 889 422 ’

146 600 202 665 De
226 597 458 664 infinitivis
487 595 703 661 historicis
732 593 1031 677 explicativum
1060 593 1100 657 in
1130 594 1288 660 modum

608 730 819 796 adhibitis.

235 905 438 987 Quamquam
473 903 573 985 igitur
606 902 664 966 illa
694 909 840 969 veterum
870 901 1050 983 sententia,
1085 923 1106 966 a
1129 900 1289 968 Sallustio

149 1024 329 1107 Tacitoque
364 1023 485 1088 formas
520 1022 631 1089 finitas
665 1043 737 1086 cum
772 1021 945 1087 infinitivis
978 1020 1142 1087 historicis
1179 1022 1289 1087 libidi-

149 1143 318 1210 nosissime
364 1143 571 1225 commutari,
615 1140 793 1208 falsissima
831 1140 962 1224 cognita
1001 1147 1059 1224 est,
1096 1148 1212 1208 tamen
1250 1163 1289 1210 ne

150 1264 251 1330 hodio
283 1262 416 1347 quidem
446 1270 579 1347 propter
607 1262 752 1345 inopiam
781 1261 923 1326 omnium
955 1260 996 1327 de
1025 1261 1087 1325 hoc
1115 1262 1191 1327 loco
1223 1263 1290 1327 ani·

150 1383 418 1450 madversionum
441 1382 582 1446 iudicari
605 1387 731 1464 potest,
756 1400 820 1462 quo
845 1381 981 1446 consilio
1005 1401 1137 1463 quaque
1160 1382 1291 1450 ratione

151 1503 324 1586 scriptores
357 1501 496 1566 Romani
537 1500 710 1565 infinitivis
744 1501 907 1569 historicis
942 1500 992 1566 usi
1034 1502 1107 1567 sint.
1164 1502 1212 1569 At
1245 1504 1291 1567 ni·

152 1621 327 1687 hilominus
349 1622 450 1703 locos,
476 1621 594 1703 quibus
618 1626 650 1686 et
673 1642 693 1684 a
716 1620 873 1686 Sallustio
897 1628 930 1687 et
952 1642 972 1687 a
994 1621 1110 1686 Tacito
1134 1621 1293 1688 infinitivi

152 1742 299 1808 historici
322 1741 463 1806 adhibiti
493 1748 583 1824 sunt,
614 1740 704 1824 ipsos
733 1741 920 1805 accuratius
949 1740 1187 1825 examinantes,
1220 1764 1292 1826 per·

153 1864 271 1927 multos
300 1882 368 1925 una
397 1860 579 1944 eademque
608 1862 682 1943 lege
712 1861 914 1943 conscriptas
943 1879 1015 1925 esse
1045 1859 1144 1925 facile
1170 1882 1294 1946 cogno-

151 1982 281 2048 scimus.
326 1980 526 2064 Saepissime
551 1981 635 2045 enim
658 1980 709 2044 illi
732 1979 814 2043 nihil
831 1979 922 2044 aliud
938 1978 1088 2063 afferunt,
1115 1980 1179 2047 nisi
1195 2003 1295 2067 argu-

153 2102 386 2167 mentationem
406 2101 476 2167 sive
490 2101 689 2184 explicatam
713 2099 953 2183 expositionem
977 2100 1207 2169 antecedentis
1223 2104 1295 2170 sive

154 2225 254 2289 totius
290 2221 475 2288 sententiae
510 2221 581 2285 sive
617 2220 714 2284 unius
742 2220 911 2303 vocabuli,
949 2219 1153 2286 documentis
1183 2223 1298 2291 allatis

155 2342 313 2408 effectam.

242 2459 294 2524 Ad
328 2458 467 2542 primurn
499 2459 583 2524 illud
612 2480 730 2543 genus,
760 2461 794 2524 in
824 2480 888 2542 quo
923 2459 1092 2524 infinitivis
1126 2460 1299 2530 historicis

156 2603 220 2646 non
256 2588 322 2645 tam
356 2558 562 2645 vocabulum*
583 2580 749 2662 quoddam
780 2579 954 2657 enuntiati,
989 2579 1077 2663 quod
1111 2583 1296 2664 praecedit,

153 2721 250 2784 quam
265 2707 336 2766 tota
349 2701 512 2766 sententia
525 2700 721 2783 explicatur,
745 2699 919 2765 referenda
932 2707 1007 2765 sunt
1018 2700 1100 2766 haec
1113 2699 1183 2765 Cat.
1198 2702 1296 2785 13‚3:

287 2819 374 2901 „Sed
390 2819 504 2884 lubido
521 2820 624 2902 stupri
641 2840 769 2902 ganeae
786 2820 951 2902 ceterique
968 2822 1074 2886 cultus
1095 2842 1163 2886 non
1186 2823 1299 2890 minor

239 2939 436 3006 incesserat:
461 2939 522 3003 viri
545 2940 722 3005 muliebria
745 2941 829 3024 pati,
859 2941 1012 3006 mulieres
1041 2941 1236 3024 pudicitiam
1260 2945 1297 3008 in

240 3062 417 3143 propatulo
441 3060 578 3142 habere,
603 3061 759 3126 vescendi
783 3081 883 3127 causa
906 3068 993 3128 terra
1016 3062 1164 3144 marique
1183 3063 1299 3129 omnia

241 3179 431 3262 exquirere,
468 3179 609 3246 dormire
645 3181 737 3265 prius
773 3203 870 3265 quam
906 3181 1010 3246 somni
1046 3182 1165 3265 cupido
1195 3191 1296 3267 esset,

240 3321 305 3365 non
330 3300 449 3365 famem
478 3307 535 3364 aut
563 3300 650 3364 sitim
673 3321 780 3384 neque
805 3302 908 3383 frigus
931 3322 1038 3383 neque
1062 3301 1297 3370 lassitudinem

241 3419 384 3503 opperiri
406 3419 465 3484 sed
488 3440 528 3485 ea
544 3420 653 3484 omnia
674 3422 757 3485 luxu
773 3426 1011 3503 antecapere;“

154 3540 211 3605 ubi
239 3540 356 3622 prioris
385 3538 545 3605 enuntiati
578 3540 794 3623 ,singula“
834 3539 962 3627 (lubido
998 3541 1117 3624 stupri,
1153 3562 1295 3627 ganeae,

156 3659 322 3742 ceterique
364 3657 483 3744 cultus)
528 3661 849 3743 ,sequentibus“
893 3659 968 3738 (viri
1002 3650 1175 3727 muliebria
1209 3663 1291 3744 pati,

155 3778 309 3844 mulieres
332 3778 524 3861 pudicitiam
562 3780 595 3843 in
625 3782 800 3863 propatulo
831 3780 969 3860 habere,
1007 3781 1162 3848 vescendi
1193 3801 1296 3848 causa

155 3905 242 3964 terra
265 3897 413 3980 marique
437 3899 546 3963 omnia
569 3901 761 3983 exquirere,
789 3900 929 3965 dormire
953 3900 1044 3982 prius
1067 3921 1163 3982 quam
1187 3901 1295 3966 somni

159 4017 277 4101 cupido
302 4024 398 4100 esset,
422 4038 486 4082 non
510 4018 619 4085 famen
644 4025 699 4083 aut
718 4019 804 4084 sitim
828 4040 936 4103 neque
959 4020 1064 4104 frigus
1080 4041 1186 4103 neque
1200 4021 1295 4087 lassi·

157 4138 304 4204 tudinem
328 4137 470 4220 opperiri
492 4138 551 4203 sed
568 4159 608 4203 ea
624 4138 732 4203 omnia
755 4139 837 4204 luxu
861 4140 1069 4223 antecapere)
1097 4160 1294 4221 „accura-
