2880 4762
627 257 731 321 37·

164 426 282 508 Neque
311 425 376 492 buo
404 426 528 493 referre
554 426 666 492 dubito
687 427 763 510 Jug.
787 431 836 508 70,
859 432 895 493 5:

209 546 394 628 „Bomilcar
408 595 416 610 .
431 594 438 607 .
461 546 588 612 litteras
603 545 647 610 ad
662 567 736 612 eum
752 567 811 630 per
826 548 976 614 homines
991 550 1098 617 fidelis
1109 552 1219 635 mittit,

164 667 198 731 in
227 665 321 750 quis
348 666 519 731 mollitiam
550 667 799 750 socordiamque
829 669 892 733 viri
915 690 1083 754 accusare,
1106 672 1220 738 testari

166 785 256 869 deos,
280 804 340 867 per
363 805 444 868 quos
466 785 650 868 iuravisset,
676 807 808 854 monere
831 810 873 854 ne
896 836 953 851 ...
979 794 1220 873 convorteret;“

76 913 111 975 et
133 905 218 971 Hist.
242 905 297 988 lv,
321 907 380 970 80:

181 1115 184 1119 ‚
209 1073 240 1108 ‚,.
264 1073 272 1087 .
296 1074 303 1087 .
328 1024 412 1090 alios
435 1030 470 1088 ut
492 1023 643 1105 inbelles,
662 1024 838 1090 Caecinam
861 1034 897 1092 ut
913 1029 1078 1112 captivum
1102 1051 1141 1095 ac
1165 1031 1220 1098 de·

166 1144 316 1210 ditioium
338 1143 497 1226 increpat.
520 1146 626 1210 unde
651 1144 703 1229 (ε
735 1166 812 1228 qua
842 1166 891 1212 ex
919 1168 961 1213 re
992 1148 1061 1214 sive
1099 1157 1138 1215 et
1171 1171 1222 1216 ex

166 1285 216 1330 ea
242 1262 296 1346 re)
320 1264 480 1344 paulatim
495 1264 602 1330 levior
617 1264 778 1347 viliorque
802 1265 926 1345 haberi,
943 1275 1095 1335 manente
1110 1276 1221 1336 tamen

85 1447 91 1462 ,
166 1385 199 1449 in
223 1383 365 1467 speciem
389 1383 578 1467 amicitia;“

79 1502 243 1571 ebGerm.
267 1505 301 1566 7:
325 1503 433 1569 unde
466 1504 519 1589 (z
544 1503 686 1578 obinde)
710 1505 905 1570 feminarum
928 1506 1073 1571 ululatus
1096 1509 1220 1591 audiri3

80 1632 112 1691 ot
127 1625 211 1688 Hist.
234 1622 294 1705 III,
318 1626 354 1688 6:
379 1623 467 1688 unde
491 1673 498 1687 .
524 1673 531 1688 .
556 1674 563 1688 .
587 1632 716 1692 vertere
741 1624 797 1710 (?);
822 1634 854 1692 et
877 1627 961 1690 Ann.
984 1600 1039 1709 Vl,
1066 1629 1119 1692 19:

211 1743 291 1826 „sed
308 1791 316 1806 .
334 1790 340 1804 ,
365 1743 542 1811 custodes.
560 1791 567 1805 .
592 1765 754 1828 corpora.
772 1792 779 1806 .
803 1746 1068 1829 adsectabantur,
1088 1747 1164 1811 dum
1187 1749 1222 1813 in

167 1862 313 1928 Tiberim
330 1863 550 1946 traherentur,
567 1865 635 1928 ubi
651 1864 814 1930 fluitantia
829 1873 887 1930 aut
902 1865 983 1949 ripis
998 1867 1140 1950 adpulsa
1155 1891 1221 1935 non

169 2002 314 2050 cremare
337 1982 521 2067 quisquam,
546 2004 612 2049 non
637 1985 827 2068 contingere
850 1984 902 2070 (:
928 2006 1059 2068 neque
1081 1988 1139 2052 ibi
1162 2008 1220 2055 seu

169 2121 298 2184 neque
321 2103 411 2167 illis
432 2104 537 2168 locis
559 2104 722 2169 fluitantia
746 2151 753 2164 .
779 2153 785 2165 .
811 2153 817 2165 .
842 2105 1057 2189 contingere).

166 2223 212 2287 At
233 2223 319 2288 Ann.
336 2221 392 2301 IV,
416 2224 468 2304 62,
492 2224 548 2287 ubi
571 2244 749 2306 pronomen
772 2224 950 2308 genuinum
967 2232 1015 2290 est
1036 2226 1219 2306 relativum,

82 2343 310 2408 noscebant
339 2363 359 2406 a
386 2343 502 2408 Tacito
532 2343 694 2408 adscitum
724 2351 773 2410 est
801 2344 962 2410 adversus
990 2365 1132 2411 amorem
1157 2347 1220 2412 for-

82 2483 206 2528 marum
230 2462 422 2528 exeuntium
444 2463 477 2526 in
508 2483 647 2529 -scere
670 2464 739 2529 sive
762 2465 935 2530 verborum
958 2465 1220 2532 inchoativorum

81 2583 116 2647 in
138 2582 300 2648 infinitivo
324 2582 480 2648 historico
496 2583 766 2666 adhibendorum,
792 2585 833 2651 de
849 2606 912 2667 quo
935 2605 1006 2667 cap.
1022 2585 1077 2664 IV,
1095 2606 1121 2650 c.
1139 2585 1219 2651 dixi.

167 2701 267 2767 Haud
289 2703 337 2767 ita
362 2705 461 2768 multo
491 2703 588 2769 aliter
616 2724 669 2769 res
697 2723 732 2768 se
760 2704 859 2768 habet
888 2704 964 2787 Jug.
993 2706 1043 2784 98,
1075 2706 1109 2783 2;
1137 2705 1219 2771 Hist.

80 2823 139 2903 III,
164 2823 223 2904 313
246 2824 331 2886 Ann.
362 2825 403 2905 II,
432 2825 489 2904 403
519 2824 574 2906 VI,
604 2824 661 2904 443
689 2824 748 2906 xi,
780 2824 831 2907 34,
863 2824 919 2889 urbi
942 2825 975 2887 in
998 2825 1122 2907 protasi
1145 2825 1222 2889 iam

82 2963 154 3009 eum
170 2943 351 3008 indicativo
367 2942 553 3026 imperfecti
566 2943 746 3026 invenitur,
759 2945 844 3007 Ann.
858 2945 899 3027 11,
916 2946 967 3026 31,
984 2944 1042 3009 ubi
1057 2944 1221 3010 iuterim

82 3083 156 3128 oum
179 3063 361 3129 indicativo
386 3063 571 3146 imperfecti
593 3063 628 3127 in
651 3065 775 3146 protasi
798 3064 933 3147 legitur3
963 3063 1044 3129 ibid.
1073 3063 1161 3146 XIV,
1189 3065 1220 3148 5,

81 3183 138 3248 ubi
160 3184 195 3247 in
217 3183 342 3266 protasi
367 3205 440 3248 nec
464 3185 633 3248 multum
657 3184 819 3266 reperitur
841 3204 914 3248 cum
937 3182 1117 3248 indicativo
1132 3185 1220 3266 plus·

82 3303 321 3385 quamperfecti
343 3303 465 3387 passivi
490 3304 594 3390 (erat
617 3305 822 3386 progressa),
845 3302 924 3368 ibid.
948 3302 1003 3385 IV,
1027 3303 1078 3384 50,
1103 3302 1158 3367 ubi
1186 3303 1220 3366 in

80 3422 205 3505 protasi
227 3423 425 3489 indicativus
446 3422 630 3507 imperfecti
651 3423 740 3488 solus
769 3444 789 3487 a
817 3423 933 3488 Tacito
956 3428 1133 3505 usurpatus
1159 3431 1218 3488 est.

82 3541 240 3609 Omnibus
264 3544 350 3609 enim
374 3544 463 3608 bisce
486 3543 569 3609 locis
592 3544 756 3626 particula
779 3563 878 3626 oum,
909 3562 949 3608 ex
971 3562 1036 3624 qua
1066 3540 1220 3625 apodosis

80 3661 209 3727 initium
225 3662 314 3744 facit,
339 3682 413 3745 per:
439 3670 477 3727 et
500 3670 580 3727 tum
603 3662 673 3728 sive
696 3671 775 3728 tum
799 3662 953 3726 demum
967 3661 1087 3726 resolvi
1102 3668 1219 3743 potest,

80 3781 128 3844 ita
151 3789 186 3846 ut
209 3782 380 3848 enuntiata
402 3803 466 3847 non
490 3783 555 3847 sint
577 3782 786 3864 secundaria,
810 3781 869 3848 sed
892 3781 1057 3864 primaria.

168 3901 284 3966 Mirum
306 3922 384 3969 vero
407 3909 506 3985 atque
537 3883 807 3984 inexplicabilem
831 3901 864 3964 in
893 3901 1024 3966 modum
1053 3920 1074 3964 a
1102 3898 1218 3964 Tacito

81 4021 151 4087 solo
191 4021 362 4104 compositi
400 4029 473 4088 sunt
508 4021 538 4087 ei
580 4021 659 4103 loci,
683 4017 814 4103 ¹quibus
855 4041 898 4086 ex
940 4040 1006 4084 una
1040 4019 1221 4102 eademque

80 4141 236 4224 temporis
256 4142 418 4226 particula
442 4149 474 4208 et
497 4141 681 4206 infinitivus
694 4140 867 4206 historicus
891 4139 1014 4222 pendet
1036 4145 1068 4204 et
1085 4140 1220 4205 verbum

81 4260 217 4344 linitum,
241 4262 274 4326 id
298 4260 387 4344 quod
410 4268 460 4326 ter
482 4261 604 4327 accidit
626 4267 701 4344 post
725 4259 808 4324 ubi:
