2880 4762
81 2274 92 2309 l

688 184 730 248 28

227 354 444 421 Inveniuntur
459 374 537 420 vero
554 392 594 399 —
612 354 712 420 verba
729 352 931 436 deponentia
946 352 1009 419 h'uc
1025 377 1090 420 nou
1106 356 1289 424 referenda

141 494 212 541 esse
229 481 368 558 apparet
385 513 428 522 —
443 473 595 538 infinitivi
611 473 759 540 historici
771 475 929 558 passivi
950 474 1123 541 verborum
1138 498 1287 561 agere,

60 586 63 591 ’
141 592 1287 699 agitare,exagitare,fatigare,augere,occidere,oa-

142 734 252 797 pere,
270 712 408 780 facere
426 711 513 797 tter),
530 711 655 796 ferre,
679 715 887 798 sauciare,
912 714 1091 799 trahere,
1115 718 1287 782 obtrun-

143 854 235 899 care
259 832 347 916 apud
369 831 575 915 Sallustium,
599 853 789 917 aequare,
814 856 952 916 agere,
982 834 1285 920 circumagere,

142 952 340 1036 fatigare,
378 952 631 1037 exanimare,
667 954 828 1037 audire,
866 955 1074 1037 occidere,
1114 977 1284 1039 capere,

141 1072 349 1154 accipere,
368 1073 598 1156 celebrare,
627 1075 851 1157 concitare,
878 1075 1111 1158 accingere,
1138 1078 1285 1144 colere

145 1191 231 1278 (his),
246 1212 413 1274 exuere,
430 1190 651 1275 adducere,
669 1192 851 1278 firmare,
866 1194 1055 1278 flectere,
1071 1195 1284 1280 frangere,

142 1311 378 1396 effundere,
407 1312 557 1377 habere
588 1312 682 1397 (ter),
710 1315 880 1396 ambire,
907 1314 1094 1398 laudare,
1123 1317 1283 1402 lenire,

141 1434 345 1515 polluere,
374 1439 542 1514 mutare,
572 1432 800 1518 innectere,
826 1455 1011 1512 noscere,
1042 1436 1283 1518 impellere,

144 1553 362 1635 complere,
386 1552 616 1640 implicare,
646 1571 868 1636 exponere,
899 1562 1085 1638 quatere,
1121 1576 1283 1640 rapere,

141 1691 302 1753 regere,
329 1669 539 1754 deserere,
565 1671 820 1755 dispergere,
845 1675 1050 1758 aspicere,
1079 1683 1282 1759 sternere,

144 1792 430 1874 exstinguere,
448 1791 723 1877 obstringere,
740 1792 924 1877 tardare,
944 1793 1150 1879 detegere,
1167 1817 1282 1879 prae·

142 1911 332 1994 tendere,
362 1918 535 1994 terrere,
565 1914 778 1995 attollere,
807 1913 970 1979 trahere
1002 1914 1098 2000 (bis),
1129 1915 1282 1980 distra-

143 2025 255 2113 her'e,
279 2018 688 2114 urguere,avertere,
706 2033 855 2115 vitare,
873 2052 1039 2114 vocare,
1056 2035 1282 2103 advolvere

142 2150 232 2233 apud
255 2151 417 2215 Tacitum.

230 2271 298 2335 Hos
331 2271 511 2336 infinitivus
544 2271 694 2354 passivos
722 2272 812 2336 haud
841 2273 887 2338 ita
915 2293 989 2338 raro
1020 2273 1154 2341 mediali
1183 2296 1280 2342 sensu

142 2396 315 2472 usurpatos
338 2410 419 2473 esse,
451 2411 523 2455 cum
546 2390 615 2455 iarn
631 2390 723 2457 Gust.
741 2393 833 2457 Mohr
855 2392 888 2456 in
913 2392 989 2458 diss.
1015 2392 1078 2477 „de
1101 2395 1159 2458 inf.
1182 2396 1278 2461 hist.“

142 2529 215 2592 pag.
242 2510 658 2590 innumerosorum
683 2512 804 2578 omitto.
849 2512 977 2579 Pariter
1004 2534 1045 2578 ne
1075 2535 1185 2579 eorum
1208 2516 1279 2597 qui-

116 2629 219 2703 ,dem
254 2631 415 2710 locorum,
451 2631 507 2696 ubi
541 2630 662 2713 singuli
694 2633 907 2698 inveniuntur
938 2633 1091 2699 infinitivi
1125 2634 1281 2716 historici,

144 2751 298 2832 exempla
321 2751 464 2830 afferam,
490 2771 562 2815 cum
585 2752 673 2816 idem
696 2752 789 2817 Mohr
811 2755 831 2817 l.
854 2754 874 2817 l.
898 2745 971 2837 pag.
995 2773 1085 2836 sequ.
1102 2755 1281 2822 rectissime

143 2868 307 2950 docuerit,
342 2871 433 2934 illam
466 2871 627 2953 Draegeri
663 2873 874 2953 senteutiam,
906 2894 1002 2956 quam
1031 2875 1165 2956 protulit
1194 2883 1279 2960 synt.

141 2988 215 3054 hist.
242 2992 267 3069 I,
298 2990 360 3053 303
390 2990 475 3053 init:
504 2990 670 3075 „singulos
693 2991 870 3068 infinitivos
893 2993 1067 3060 historicos
1090 3016 1164 3061 raro
1188 2994 1280 3059 adhi-

140 3108 240 3189 beri,“
265 3108 383 3174 falsam
407 3129 487 3175 esse.

631 3296 713 3379 Cup.
736 3299 776 3363 V.

230 3432 287 3498 De
310 3432 521 3515 positione
547 3434 858 3519 infinitivorum
881 3437 1185 3505 historicorum.

226 3585 353 3662 Quibus
369 3588 572 3670 potissimum
597 3590 699 3674 igitur
713 3591 876 3656 enuntiati
898 3591 981 3658 locis
1003 3591 1154 3656 infinitivi
1178 3591 1276 3655 histo·

139 3705 199 3770 rici
231 3705 310 3789 poni
338 3707 481 3791 soleant,
512 3709 608 3774 hodie
639 3731 697 3794 pro
727 3718 816 3777 certo
847 3709 1022 3774 diiudicari
1052 3709 1183 3775 omnino
1212 3731 1276 3775 non

140 3827 205 3889 iam
229 3834 345 3911 potest,
369 3849 440 3893 cum
464 3829 519 3895 isti
542 3829 575 3893 11
599 3830 647 3897 eis
670 3830 772 3908 libris,
796 3829 852 3911 qui
873 3828 981 3892 adhuc
996 3836 1138 3912 exstant,
1160 3830 1277 3897 adver-

139 3965 198 4010 sus
228 3955 378 4012 naturam
409 3949 502 4014 verbi
530 3948 624 4031 finiti,
648 3947 737 4029 quod
759 3948 951 4030 plerumque
975 3947 1009 4012 in
1026 3951 1196 4017 enuntiato
1221 3971 1277 4018 ex·

148 4065 238 4130 eunti
256 4067 431 4152 invenitur,
455 4069 545 4134 nullo
568 4087 684 4133 sensus
700 4065 888 4133 discrimine
911 4073 978 4132 tam
1001 4090 1102 4154 saepe
1125 4072 1158 4135 in
1182 4071 1276 4138 initio

141 4184 315 4271 medioque
352 4208 450 4271 quam
489 4187 524 4251 in
558 4186 623 4252 fine
663 4186 824 4252 enuntiati
862 4189 1023 4272 legantur.
1079 4191 1196 4272 Neque
1231 4191 1277 4256 ita
