<?xml version="1.0" encoding="UTF-8"?>
<!DOCTYPE html PUBLIC "-//W3C//DTD XHTML 1.0 Transitional//EN"
    "http://www.w3.org/TR/xhtml1/DTD/xhtml1-transitional.dtd">
<html xmlns="http://www.w3.org/1999/xhtml" xml:lang="en" lang="en">
 <head>
  <title>
</title>
<meta http-equiv="Content-Type" content="text/html;charset=utf-8" />
  <meta name='ocr-system' content='tesseract 3.04.00' />
  <meta name='ocr-capabilities' content='ocr_page ocr_carea ocr_par ocr_line ocrx_word'/>
</head>
<body>
  <div class='ocr_page' id='page_1' title='image "./quaestionesdeus00huebgoog_0060.png"; bbox 0 0 2880 4762; ppageno 0'>
   <div class='ocr_carea' id='block_1_1' title="bbox 661 225 703 290">
    <p class='ocr_par' dir='ltr' id='par_1_1' title="bbox 661 225 703 290">
     <span class='ocr_line' id='line_1_1' title="bbox 661 225 703 290; baseline 0.024 -1"><span class='ocrx_word' id='word_1_1' title='bbox 661 225 703 290; x_wconf 81' lang='lat'>55</span> 
     </span>
    </p>
   </div>
   <div class='ocr_carea' id='block_1_2' title="bbox 111 393 1252 2282">
    <p class='ocr_par' dir='ltr' id='par_1_2' title="bbox 113 393 1252 598">
     <span class='ocr_line' id='line_1_2' title="bbox 113 393 1252 484; baseline 0.011 -29"><span class='ocrx_word' id='word_1_2' title='bbox 113 393 318 459; x_wconf 88' lang='lat' dir='ltr'>turbatus:</span> <span class='ocrx_word' id='word_1_3' title='bbox 348 395 432 458; x_wconf 88' lang='lat' dir='ltr'>Ann.</span> <span class='ocrx_word' id='word_1_4' title='bbox 456 394 556 477; x_wconf 91' lang='lat' dir='ltr'>XIII,</span> <span class='ocrx_word' id='word_1_5' title='bbox 584 396 640 460; x_wconf 83' lang='lat'>15:</span> <span class='ocrx_word' id='word_1_6' title='bbox 673 396 878 462; x_wconf 82' lang='lat' dir='ltr'><strong>Turbatus</strong></span> <span class='ocrx_word' id='word_1_7' title='bbox 911 396 961 463; x_wconf 88' lang='lat' dir='ltr'>bis</span> <span class='ocrx_word' id='word_1_8' title='bbox 992 397 1081 465; x_wconf 88' lang='lat' dir='ltr'>Nero</span> <span class='ocrx_word' id='word_1_9' title='bbox 1115 407 1147 465; x_wconf 92' lang='lat' dir='ltr'>et</span> <span class='ocrx_word' id='word_1_10' title='bbox 1179 421 1252 484; x_wconf 91' lang='lat' dir='ltr'>pro·</span> 
     </span>
     <span class='ocr_line' id='line_1_3' title="bbox 201 513 1251 598; baseline 0.005 -18"><span class='ocrx_word' id='word_1_11' title='bbox 201 516 323 598; x_wconf 89' lang='lat' dir='ltr'>pinquo</span> <span class='ocrx_word' id='word_1_12' title='bbox 347 513 416 596; x_wconf 89' lang='lat' dir='ltr'>die,</span> <span class='ocrx_word' id='word_1_13' title='bbox 441 534 504 597; x_wconf 92' lang='lat' dir='ltr'>quo</span> <span class='ocrx_word' id='word_1_14' title='bbox 529 561 536 574; x_wconf 94' lang='lat'><em>.</em></span> <span class='ocrx_word' id='word_1_15' title='bbox 561 560 568 574; x_wconf 92' lang='lat'><strong>.</strong></span> <span class='ocrx_word' id='word_1_16' title='bbox 593 561 599 575; x_wconf 93' lang='lat'><em>.</em></span> <span class='ocrx_word' id='word_1_17' title='bbox 625 561 631 574; x_wconf 93' lang='lat'>.</span> <span class='ocrx_word' id='word_1_18' title='bbox 657 515 828 598; x_wconf 84' lang='lat' dir='ltr'>explebat,</span> <span class='ocrx_word' id='word_1_19' title='bbox 853 517 1003 582; x_wconf 88' lang='lat' dir='ltr'>volutare</span> <span class='ocrx_word' id='word_1_20' title='bbox 1026 537 1137 582; x_wconf 93' lang='lat' dir='ltr'>secum</span> <span class='ocrx_word' id='word_1_21' title='bbox 1153 518 1251 585; x_wconf 92' lang='lat' dir='ltr'>modo</span> 
     </span>
    </p>

    <p class='ocr_par' dir='ltr' id='par_1_3' title="bbox 113 634 1044 836">
     <span class='ocr_line' id='line_1_4' title="bbox 199 634 1044 718; baseline 0 -20"><span class='ocrx_word' id='word_1_22' title='bbox 199 634 313 700; x_wconf 89' lang='lat' dir='ltr'>matris</span> <span class='ocrx_word' id='word_1_23' title='bbox 335 635 535 716; x_wconf 88' lang='lat' dir='ltr'>violentiam,</span> <span class='ocrx_word' id='word_1_24' title='bbox 559 635 656 700; x_wconf 94' lang='lat' dir='ltr'>modo</span> <span class='ocrx_word' id='word_1_25' title='bbox 679 635 782 718; x_wconf 90' lang='lat' dir='ltr'>ipsius</span> <span class='ocrx_word' id='word_1_26' title='bbox 805 635 949 702; x_wconf 80' lang='lat' dir='ltr'>indolem</span> <span class='ocrx_word' id='word_1_27' title='bbox 973 685 980 700; x_wconf 92' lang='lat'><strong>.</strong></span> <span class='ocrx_word' id='word_1_28' title='bbox 1005 683 1012 697; x_wconf 93' lang='lat'><strong>.</strong></span> <span class='ocrx_word' id='word_1_29' title='bbox 1037 685 1044 698; x_wconf 93' lang='lat'><em>.</em></span> 
     </span>
     <span class='ocr_line' id='line_1_5' title="bbox 113 753 787 836; baseline -0.006 -19"><span class='ocrx_word' id='word_1_30' title='bbox 113 774 271 820; x_wconf 88' lang='lat' dir='ltr'>versus:</span> <span class='ocrx_word' id='word_1_31' title='bbox 295 754 379 818; x_wconf 86' lang='lat' dir='ltr'>Ann.</span> <span class='ocrx_word' id='word_1_32' title='bbox 401 753 457 834; x_wconf 92' lang='lat' dir='ltr'>IV,</span> <span class='ocrx_word' id='word_1_33' title='bbox 482 753 525 818; x_wconf 87' lang='grc'>48</span> <span class='ocrx_word' id='word_1_34' title='bbox 548 773 579 816; x_wconf 92' lang='lat' dir='ltr'>v.</span> <span class='ocrx_word' id='word_1_35' title='bbox 604 755 787 836; x_wconf 92' lang='lat' dir='ltr'>opulentus.</span> 
     </span>
    </p>

    <p class='ocr_par' dir='ltr' id='par_1_4' title="bbox 111 872 1252 2282">
     <span class='ocr_line' id='line_1_6' title="bbox 199 872 1251 963; baseline 0.008 -25"><span class='ocrx_word' id='word_1_36' title='bbox 199 874 292 951; x_wconf 78' lang='lat' dir='ltr'>Quae</span> <span class='ocrx_word' id='word_1_37' title='bbox 325 873 492 938; x_wconf 88' lang='lat' dir='ltr'>adiectiva</span> <span class='ocrx_word' id='word_1_38' title='bbox 524 872 764 956; x_wconf 90' lang='lat' dir='ltr'>participiaque</span> <span class='ocrx_word' id='word_1_39' title='bbox 799 876 985 940; x_wconf 80' lang='lat' dir='ltr'>accuratius</span> <span class='ocrx_word' id='word_1_40' title='bbox 1014 878 1251 963; x_wconf 83' lang='lat' dir='ltr'>examinantes,</span> 
     </span>
     <span class='ocr_line' id='line_1_7' title="bbox 113 993 1252 1079; baseline 0.007 -21"><span class='ocrx_word' id='word_1_41' title='bbox 113 995 211 1060; x_wconf 83' lang='lat' dir='ltr'>facile</span> <span class='ocrx_word' id='word_1_42' title='bbox 235 994 469 1076; x_wconf 80' lang='lat' dir='ltr'>cognoscimus,</span> <span class='ocrx_word' id='word_1_43' title='bbox 493 1014 534 1059; x_wconf 89' lang='lat' dir='ltr'>ea</span> <span class='ocrx_word' id='word_1_44' title='bbox 556 993 665 1058; x_wconf 90' lang='lat' dir='ltr'>omnia</span> <span class='ocrx_word' id='word_1_45' title='bbox 686 993 730 1057; x_wconf 88' lang='lat' dir='ltr'>ad</span> <span class='ocrx_word' id='word_1_46' title='bbox 746 994 890 1059; x_wconf 90' lang='lat' dir='ltr'>animum</span> <span class='ocrx_word' id='word_1_47' title='bbox 912 996 982 1061; x_wconf 90' lang='lat' dir='ltr'>sive</span> <span class='ocrx_word' id='word_1_48' title='bbox 1000 995 1165 1079; x_wconf 83' lang='lat' dir='ltr'>ingenium</span> <span class='ocrx_word' id='word_1_49' title='bbox 1182 1001 1252 1067; x_wconf 89' lang='lat' dir='ltr'>sive</span> 
     </span>
     <span class='ocr_line' id='line_1_8' title="bbox 114 1113 1252 1199; baseline 0.005 -20"><span class='ocrx_word' id='word_1_50' title='bbox 114 1134 219 1180; x_wconf 89' lang='lat' dir='ltr'>mores</span> <span class='ocrx_word' id='word_1_51' title='bbox 242 1113 391 1196; x_wconf 89' lang='lat' dir='ltr'>subiecti,</span> <span class='ocrx_word' id='word_1_52' title='bbox 416 1113 458 1180; x_wconf 92' lang='lat' dir='ltr'>de</span> <span class='ocrx_word' id='word_1_53' title='bbox 481 1133 545 1197; x_wconf 92' lang='lat' dir='ltr'>quo</span> <span class='ocrx_word' id='word_1_54' title='bbox 568 1114 687 1196; x_wconf 88' lang='lat' dir='ltr'>agitur,</span> <span class='ocrx_word' id='word_1_55' title='bbox 711 1120 870 1196; x_wconf 88' lang='lat' dir='ltr'>spectare.</span> <span class='ocrx_word' id='word_1_56' title='bbox 915 1115 1015 1182; x_wconf 88' lang='lat' dir='ltr'>Hisce</span> <span class='ocrx_word' id='word_1_57' title='bbox 1043 1117 1142 1199; x_wconf 88' lang='lat' dir='ltr'>igitur</span> <span class='ocrx_word' id='word_1_58' title='bbox 1171 1120 1252 1185; x_wconf 86' lang='lat' dir='ltr'>locis</span> 
     </span>
     <span class='ocr_line' id='line_1_9' title="bbox 112 1232 1251 1319; baseline 0.004 -20"><span class='ocrx_word' id='word_1_59' title='bbox 112 1256 180 1300; x_wconf 91' lang='lat' dir='ltr'>rem</span> <span class='ocrx_word' id='word_1_60' title='bbox 197 1233 352 1316; x_wconf 85' lang='lat' dir='ltr'>aliquam,</span> <span class='ocrx_word' id='word_1_61' title='bbox 368 1253 453 1315; x_wconf 93' lang='lat' dir='ltr'>quae</span> <span class='ocrx_word' id='word_1_62' title='bbox 468 1232 639 1298; x_wconf 88' lang='lat' dir='ltr'>infinitivis</span> <span class='ocrx_word' id='word_1_63' title='bbox 654 1232 817 1299; x_wconf 87' lang='lat' dir='ltr'>historicis</span> <span class='ocrx_word' id='word_1_64' title='bbox 832 1236 1027 1319; x_wconf 80' lang='lat' dir='ltr'>explicatur,</span> <span class='ocrx_word' id='word_1_65' title='bbox 1050 1237 1084 1301; x_wconf 94' lang='lat' dir='ltr'>in</span> <span class='ocrx_word' id='word_1_66' title='bbox 1105 1239 1251 1305; x_wconf 89' lang='lat' dir='ltr'>subiecto</span> 
     </span>
     <span class='ocr_line' id='line_1_10' title="bbox 112 1352 1252 1440; baseline 0.003 -20"><span class='ocrx_word' id='word_1_67' title='bbox 112 1378 147 1422; x_wconf 89' lang='lat' dir='ltr'>re</span> <span class='ocrx_word' id='word_1_68' title='bbox 176 1375 256 1420; x_wconf 87' lang='lat' dir='ltr'>vera</span> <span class='ocrx_word' id='word_1_69' title='bbox 283 1354 391 1420; x_wconf 88' lang='lat' dir='ltr'>inesse</span> <span class='ocrx_word' id='word_1_70' title='bbox 419 1353 554 1436; x_wconf 91' lang='lat' dir='ltr'>planum</span> <span class='ocrx_word' id='word_1_71' title='bbox 582 1352 619 1418; x_wconf 89' lang='lat' dir='ltr'>fit</span> <span class='ocrx_word' id='word_1_72' title='bbox 647 1374 686 1419; x_wconf 89' lang='lat' dir='ltr'>ao</span> <span class='ocrx_word' id='word_1_73' title='bbox 715 1355 881 1437; x_wconf 90' lang='lat' dir='ltr'>probatur.</span> <span class='ocrx_word' id='word_1_74' title='bbox 926 1354 1031 1438; x_wconf 81' lang='lat' dir='ltr'>Quod,</span> <span class='ocrx_word' id='word_1_75' title='bbox 1061 1363 1097 1422; x_wconf 89' lang='lat' dir='ltr'>ut</span> <span class='ocrx_word' id='word_1_76' title='bbox 1119 1377 1252 1440; x_wconf 86' lang='lat' dir='ltr'>prorsus</span> 
     </span>
     <span class='ocr_line' id='line_1_11' title="bbox 112 1473 1252 1561; baseline 0.004 -22"><span class='ocrx_word' id='word_1_77' title='bbox 112 1476 332 1558; x_wconf 83' lang='lat' dir='ltr'>intellegatur,</span> <span class='ocrx_word' id='word_1_78' title='bbox 357 1474 472 1555; x_wconf 89' lang='lat' dir='ltr'>paucis</span> <span class='ocrx_word' id='word_1_79' title='bbox 496 1474 658 1556; x_wconf 90' lang='lat' dir='ltr'>exemplis</span> <span class='ocrx_word' id='word_1_80' title='bbox 681 1473 903 1541; x_wconf 89' lang='lat' dir='ltr'>demonstrare</span> <span class='ocrx_word' id='word_1_81' title='bbox 927 1475 1018 1541; x_wconf 90' lang='lat' dir='ltr'>libet.</span> <span class='ocrx_word' id='word_1_82' title='bbox 1056 1476 1132 1559; x_wconf 86' lang='lat' dir='ltr'>Jug.</span> <span class='ocrx_word' id='word_1_83' title='bbox 1156 1479 1207 1561; x_wconf 86' lang='lat'>33,</span> <span class='ocrx_word' id='word_1_84' title='bbox 1231 1480 1252 1543; x_wconf 88' lang='lat'><strong>3</strong></span> 
     </span>
     <span class='ocr_line' id='line_1_12' title="bbox 111 1593 1251 1679; baseline 0.004 -19"><span class='ocrx_word' id='word_1_85' title='bbox 111 1596 211 1678; x_wconf 91' lang='lat' dir='ltr'>igitur</span> <span class='ocrx_word' id='word_1_86' title='bbox 233 1593 277 1679; x_wconf 87' lang='lat' dir='ltr'>(v.</span> <span class='ocrx_word' id='word_1_87' title='bbox 297 1613 411 1658; x_wconf 85' lang='lat' dir='ltr'>vocem</span> <span class='ocrx_word' id='word_1_88' title='bbox 428 1593 615 1678; x_wconf 82' lang='lat' dir='ltr'>consulens)</span> <span class='ocrx_word' id='word_1_89' title='bbox 631 1615 688 1677; x_wconf 89' lang='lat' dir='ltr'>per</span> <span class='ocrx_word' id='word_1_90' title='bbox 712 1593 859 1661; x_wconf 89' lang='lat' dir='ltr'>sedare</span> <span class='ocrx_word' id='word_1_91' title='bbox 882 1600 1011 1661; x_wconf 89' lang='lat' dir='ltr'>motus</span> <span class='ocrx_word' id='word_1_92' title='bbox 1035 1603 1073 1663; x_wconf 90' lang='lat' dir='ltr'>et</span> <span class='ocrx_word' id='word_1_93' title='bbox 1096 1599 1251 1664; x_wconf 92' lang='lat' dir='ltr'>animos</span> 
     </span>
     <span class='ocr_line' id='line_1_13' title="bbox 113 1695 1250 1800; baseline 0.002 -19"><span class='ocrx_word' id='word_1_94' title='bbox 113 1735 246 1782; x_wconf 90' lang='lat' dir='ltr'>eorum</span> <span class='ocrx_word' id='word_1_95' title='bbox 268 1713 446 1795; x_wconf 91' lang='lat' dir='ltr'>mollire,</span> <span class='ocrx_word' id='word_1_96' title='bbox 470 1719 675 1797; x_wconf 90' lang='lat' dir='ltr'>postremo</span> <span class='ocrx_word' id='word_1_97' title='bbox 693 1695 955 1797; x_wconf 89' lang='lat' dir='ltr'>confirmare,</span> <span class='ocrx_word' id='word_1_98' title='bbox 973 1714 1098 1782; x_wconf 86' lang='lat' dir='ltr'>fidem</span> <span class='ocrx_word' id='word_1_99' title='bbox 1114 1717 1250 1800; x_wconf 92' lang='lat' dir='ltr'>publi-</span> 
     </span>
     <span class='ocr_line' id='line_1_14' title="bbox 112 1832 1250 1916; baseline 0.002 -16"><span class='ocrx_word' id='word_1_100' title='bbox 112 1853 195 1900; x_wconf 89' lang='lat' dir='ltr'>cam</span> <span class='ocrx_word' id='word_1_101' title='bbox 219 1854 289 1916; x_wconf 90' lang='lat' dir='ltr'>per</span> <span class='ocrx_word' id='word_1_102' title='bbox 312 1853 402 1900; x_wconf 92' lang='lat' dir='ltr'>sese</span> <span class='ocrx_word' id='word_1_103' title='bbox 430 1833 677 1898; x_wconf 89' lang='lat' dir='ltr'>inviolatam</span> <span class='ocrx_word' id='word_1_104' title='bbox 706 1832 810 1916; x_wconf 86' lang='lat' dir='ltr'>fore,</span> <span class='ocrx_word' id='word_1_105' title='bbox 842 1834 875 1898; x_wconf 84' lang='lat' dir='ltr'>C.</span> <span class='ocrx_word' id='word_1_106' title='bbox 899 1835 1085 1901; x_wconf 88' lang='lat' dir='ltr'>Memmium</span> <span class='ocrx_word' id='word_1_107' title='bbox 1110 1838 1145 1902; x_wconf 93' lang='lat' dir='ltr'>in</span> <span class='ocrx_word' id='word_1_108' title='bbox 1174 1858 1250 1902; x_wconf 88' lang='lat' dir='ltr'>con·</span> 
     </span>
     <span class='ocr_line' id='line_1_15' title="bbox 112 1953 1250 2040; baseline 0.004 -22"><span class='ocrx_word' id='word_1_109' title='bbox 112 1955 200 2019; x_wconf 91' lang='lat' dir='ltr'>tione</span> <span class='ocrx_word' id='word_1_110' title='bbox 234 1954 293 2018; x_wconf 92' lang='lat' dir='ltr'>illa</span> <span class='ocrx_word' id='word_1_111' title='bbox 327 1953 607 2019; x_wconf 89' lang='lat' dir='ltr'>turbulentissima</span> <span class='ocrx_word' id='word_1_112' title='bbox 640 1953 787 2036; x_wconf 85' lang='lat' dir='ltr'>profecto</span> <span class='ocrx_word' id='word_1_113' title='bbox 829 1954 981 2038; x_wconf 84' lang='lat' dir='ltr'>dignitati</span> <span class='ocrx_word' id='word_1_114' title='bbox 1014 1958 1119 2040; x_wconf 85' lang='lat' dir='ltr'>magis</span> <span class='ocrx_word' id='word_1_115' title='bbox 1152 1977 1250 2040; x_wconf 93' lang='lat' dir='ltr'>quam</span> 
     </span>
     <span class='ocr_line' id='line_1_16' title="bbox 111 2072 1250 2163; baseline 0.004 -24"><span class='ocrx_word' id='word_1_116' title='bbox 111 2076 181 2139; x_wconf 90' lang='lat' dir='ltr'>irae</span> <span class='ocrx_word' id='word_1_117' title='bbox 217 2074 419 2139; x_wconf 87' lang='lat' dir='ltr'>consuluisse</span> <span class='ocrx_word' id='word_1_118' title='bbox 453 2072 630 2138; x_wconf 86' lang='lat' dir='ltr'>Sallustius</span> <span class='ocrx_word' id='word_1_119' title='bbox 664 2073 879 2156; x_wconf 81' lang='lat' dir='ltr'>demonstrat3</span> <span class='ocrx_word' id='word_1_120' title='bbox 914 2076 997 2140; x_wconf 88' lang='lat' dir='ltr'>Hist.</span> <span class='ocrx_word' id='word_1_121' title='bbox 1026 2077 1051 2152; x_wconf 84' lang='grc' dir='ltr'>Ι,</span> <span class='ocrx_word' id='word_1_122' title='bbox 1082 2079 1122 2143; x_wconf 78' lang='lat'>81</span> <span class='ocrx_word' id='word_1_123' title='bbox 1159 2076 1250 2163; x_wconf 88' lang='lat' dir='ltr'>(vide</span> 
     </span>
     <span class='ocr_line' id='line_1_17' title="bbox 111 2192 1249 2282; baseline 0.005 -26"><span class='ocrx_word' id='word_1_124' title='bbox 111 2213 225 2259; x_wconf 88' lang='lat' dir='ltr'>vocem</span> <span class='ocrx_word' id='word_1_125' title='bbox 254 2192 456 2279; x_wconf 84' lang='lat' dir='ltr'>trepidus)</span> <span class='ocrx_word' id='word_1_126' title='bbox 482 2193 637 2258; x_wconf 89' lang='lat' dir='ltr'>infinitivi</span> <span class='ocrx_word' id='word_1_127' title='bbox 665 2194 781 2260; x_wconf 91' lang='lat' dir='ltr'>modo</span> <span class='ocrx_word' id='word_1_128' title='bbox 818 2196 1092 2282; x_wconf 87' lang='lat' dir='ltr'>constantiam</span> <span class='ocrx_word' id='word_1_129' title='bbox 1128 2198 1249 2262; x_wconf 88' lang='lat' dir='ltr'>simu-</span> 
     </span>
    </p>
   </div>
   <div class='ocr_carea' id='block_1_3' title="bbox 108 2313 1247 2401">
    <p class='ocr_par' dir='ltr' id='par_1_5' title="bbox 108 2313 1247 2401">
     <span class='ocr_line' id='line_1_18' title="bbox 108 2313 1247 2401; baseline 0.006 -25"><span class='ocrx_word' id='word_1_130' title='bbox 108 2314 212 2397; x_wconf 88' lang='lat' dir='ltr'>lare,</span> <span class='ocrx_word' id='word_1_131' title='bbox 236 2313 351 2378; x_wconf 92' lang='lat' dir='ltr'>modo</span> <span class='ocrx_word' id='word_1_132' title='bbox 375 2313 595 2380; x_wconf 85' lang='lat' dir='ltr'>formidine</span> <span class='ocrx_word' id='word_1_133' title='bbox 613 2313 751 2398; x_wconf 91' lang='lat' dir='ltr'>detegi</span> <span class='ocrx_word' id='word_1_134' title='bbox 767 2314 924 2397; x_wconf 90' lang='lat' dir='ltr'>primores</span> <span class='ocrx_word' id='word_1_135' title='bbox 940 2313 1078 2380; x_wconf 86' lang='lat' dir='ltr'>feminas</span> <span class='ocrx_word' id='word_1_136' title='bbox 1093 2317 1247 2401; x_wconf 88' lang='lat' dir='ltr'>virosque</span> 
     </span>
    </p>
   </div>
   <div class='ocr_carea' id='block_1_4' title="bbox 99 2432 1249 4314">
    <p class='ocr_par' dir='ltr' id='par_1_6' title="bbox 105 2432 1249 3357">
     <span class='ocr_line' id='line_1_19' title="bbox 108 2432 1248 2520; baseline 0.004 -23"><span class='ocrx_word' id='word_1_137' title='bbox 108 2434 307 2499; x_wconf 92' lang='lat' dir='ltr'>imminentis</span> <span class='ocrx_word' id='word_1_138' title='bbox 329 2432 469 2516; x_wconf 90' lang='lat' dir='ltr'>periculi</span> <span class='ocrx_word' id='word_1_139' title='bbox 484 2439 572 2498; x_wconf 90' lang='lat' dir='ltr'>metu</span> <span class='ocrx_word' id='word_1_140' title='bbox 588 2433 774 2516; x_wconf 90' lang='lat' dir='ltr'>trepidasse</span> <span class='ocrx_word' id='word_1_141' title='bbox 791 2434 1011 2519; x_wconf 73' lang='lat' dir='ltr'>patefaciunt,</span> <span class='ocrx_word' id='word_1_142' title='bbox 1035 2436 1114 2501; x_wconf 91' lang='lat' dir='ltr'>ibid.</span> <span class='ocrx_word' id='word_1_143' title='bbox 1131 2437 1189 2520; x_wconf 86' lang='lat' dir='ltr'>III,</span> <span class='ocrx_word' id='word_1_144' title='bbox 1208 2439 1248 2502; x_wconf 76' lang='lat'>73</span> 
     </span>
     <span class='ocr_line' id='line_1_20' title="bbox 109 2551 1247 2638; baseline 0.004 -21"><span class='ocrx_word' id='word_1_145' title='bbox 109 2555 153 2638; x_wconf 85' lang='lat' dir='ltr'>(v.</span> <span class='ocrx_word' id='word_1_146' title='bbox 177 2573 292 2619; x_wconf 89' lang='lat' dir='ltr'>vocem</span> <span class='ocrx_word' id='word_1_147' title='bbox 326 2551 484 2637; x_wconf 88' lang='lat' dir='ltr'>eaptus)</span> <span class='ocrx_word' id='word_1_148' title='bbox 520 2553 629 2618; x_wconf 88' lang='lat' dir='ltr'>verbis</span> <span class='ocrx_word' id='word_1_149' title='bbox 662 2574 740 2618; x_wconf 92' lang='lat' dir='ltr'>non</span> <span class='ocrx_word' id='word_1_150' title='bbox 773 2554 932 2636; x_wconf 88' lang='lat' dir='ltr'>lingua,</span> <span class='ocrx_word' id='word_1_151' title='bbox 966 2576 1042 2620; x_wconf 95' lang='lat' dir='ltr'>non</span> <span class='ocrx_word' id='word_1_152' title='bbox 1077 2557 1247 2622; x_wconf 89' lang='lat' dir='ltr'>auribus</span> 
     </span>
     <span class='ocr_line' id='line_1_21' title="bbox 107 2673 1247 2760; baseline 0.004 -22"><span class='ocrx_word' id='word_1_153' title='bbox 107 2681 354 2756; x_wconf 73' lang='lat' dir='ltr'>competere,</span> <span class='ocrx_word' id='word_1_154' title='bbox 389 2691 519 2753; x_wconf 91' lang='lat' dir='ltr'>neque</span> <span class='ocrx_word' id='word_1_155' title='bbox 553 2674 704 2738; x_wconf 90' lang='lat' dir='ltr'>alienis</span> <span class='ocrx_word' id='word_1_156' title='bbox 745 2673 934 2739; x_wconf 91' lang='lat' dir='ltr'>consiliis</span> <span class='ocrx_word' id='word_1_157' title='bbox 973 2676 1077 2757; x_wconf 91' lang='lat' dir='ltr'>regi,</span> <span class='ocrx_word' id='word_1_158' title='bbox 1115 2697 1247 2760; x_wconf 92' lang='lat' dir='ltr'>neque</span> 
     </span>
     <span class='ocr_line' id='line_1_22' title="bbox 106 2792 1247 2876; baseline 0.002 -17"><span class='ocrx_word' id='word_1_159' title='bbox 106 2815 177 2859; x_wconf 88' lang='lat' dir='ltr'>sua</span> <span class='ocrx_word' id='word_1_160' title='bbox 207 2792 421 2876; x_wconf 80' lang='lat' dir='ltr'>expedire3</span> <span class='ocrx_word' id='word_1_161' title='bbox 450 2792 526 2858; x_wconf 91' lang='lat' dir='ltr'>buc</span> <span class='ocrx_word' id='word_1_162' title='bbox 554 2793 656 2858; x_wconf 90' lang='lat' dir='ltr'>illuc</span> <span class='ocrx_word' id='word_1_163' title='bbox 687 2794 935 2859; x_wconf 87' lang='lat' dir='ltr'>elamoribus</span> <span class='ocrx_word' id='word_1_164' title='bbox 963 2795 1139 2861; x_wconf 87' lang='lat' dir='ltr'>bostium</span> <span class='ocrx_word' id='word_1_165' title='bbox 1168 2797 1247 2862; x_wconf 92' lang='lat' dir='ltr'>oir-</span> 
     </span>
     <span class='ocr_line' id='line_1_23' title="bbox 107 2914 1246 3000; baseline 0.004 -22"><span class='ocrx_word' id='word_1_166' title='bbox 107 2914 281 2996; x_wconf 85' lang='lat' dir='ltr'>cumagi;</span> <span class='ocrx_word' id='word_1_167' title='bbox 326 2932 429 2996; x_wconf 93' lang='lat' dir='ltr'>quae</span> <span class='ocrx_word' id='word_1_168' title='bbox 467 2914 660 2996; x_wconf 88' lang='lat' dir='ltr'>iusserat,</span> <span class='ocrx_word' id='word_1_169' title='bbox 704 2920 861 2997; x_wconf 86' lang='lat' dir='ltr'>vetare,</span> <span class='ocrx_word' id='word_1_170' title='bbox 902 2935 1004 2996; x_wconf 90' lang='lat' dir='ltr'>quae</span> <span class='ocrx_word' id='word_1_171' title='bbox 1041 2922 1246 3000; x_wconf 84' lang='lat' dir='ltr'>vetuerat,</span> 
     </span>
     <span class='ocr_line' id='line_1_24' title="bbox 105 3009 1246 3119; baseline 0.003 -21"><span class='ocrx_word' id='word_1_172' title='bbox 105 3034 264 3115; x_wconf 89' lang='lat' dir='ltr'>iubere;</span> <span class='ocrx_word' id='word_1_173' title='bbox 305 3053 410 3112; x_wconf 78' lang='lat' dir='ltr'>mon,</span> <span class='ocrx_word' id='word_1_174' title='bbox 457 3033 563 3116; x_wconf 92' lang='lat' dir='ltr'>quod</span> <span class='ocrx_word' id='word_1_175' title='bbox 603 3034 643 3097; x_wconf 93' lang='lat' dir='ltr'>in</span> <span class='ocrx_word' id='word_1_176' title='bbox 683 3033 860 3116; x_wconf 86' lang='lat' dir='ltr'>perditis</span> <span class='ocrx_word' id='word_1_177' title='bbox 904 3035 1026 3100; x_wconf 91' lang='lat' dir='ltr'>rebus</span> <span class='ocrx_word' id='word_1_178' title='bbox 1074 3009 1246 3119; x_wconf 87' lang='lat' dir='ltr'>accidit,</span> 
     </span>
     <span class='ocr_line' id='line_1_25' title="bbox 106 3153 1249 3243; baseline 0.003 -25"><span class='ocrx_word' id='word_1_179' title='bbox 106 3174 241 3220; x_wconf 87' lang='lat' dir='ltr'>omnes</span> <span class='ocrx_word' id='word_1_180' title='bbox 279 3154 536 3237; x_wconf 87' lang='lat' dir='ltr'>praecipere,</span> <span class='ocrx_word' id='word_1_181' title='bbox 566 3174 678 3219; x_wconf 93' lang='lat' dir='ltr'>nemo</span> <span class='ocrx_word' id='word_1_182' title='bbox 708 3155 894 3235; x_wconf 86' lang='lat' dir='ltr'>exsequi,</span> <span class='ocrx_word' id='word_1_183' title='bbox 927 3153 994 3218; x_wconf 87' lang='lat' dir='ltr'>dux</span> <span class='ocrx_word' id='word_1_184' title='bbox 1023 3175 1058 3243; x_wconf 86' lang='lat' dir='ltr'>re</span> <span class='ocrx_word' id='word_1_185' title='bbox 1087 3174 1167 3220; x_wconf 87' lang='lat' dir='ltr'>vera</span> <span class='ocrx_word' id='word_1_186' title='bbox 1195 3176 1249 3221; x_wconf 87' lang='lat' dir='ltr'>se-</span> 
     </span>
     <span class='ocr_line' id='line_1_26' title="bbox 105 3273 1143 3357; baseline 0 -19"><span class='ocrx_word' id='word_1_187' title='bbox 105 3295 202 3357; x_wconf 90' lang='lat' dir='ltr'>gnem</span> <span class='ocrx_word' id='word_1_188' title='bbox 226 3280 259 3338; x_wconf 91' lang='lat' dir='ltr'>et</span> <span class='ocrx_word' id='word_1_189' title='bbox 282 3274 374 3339; x_wconf 91' lang='lat' dir='ltr'>velut</span> <span class='ocrx_word' id='word_1_190' title='bbox 397 3278 527 3355; x_wconf 87' lang='lat' dir='ltr'>captum</span> <span class='ocrx_word' id='word_1_191' title='bbox 552 3273 652 3337; x_wconf 89' lang='lat' dir='ltr'>animi</span> <span class='ocrx_word' id='word_1_192' title='bbox 675 3293 709 3337; x_wconf 87' lang='lat' dir='ltr'>se</span> <span class='ocrx_word' id='word_1_193' title='bbox 727 3274 928 3356; x_wconf 87' lang='lat' dir='ltr'>praestitisse</span> <span class='ocrx_word' id='word_1_194' title='bbox 952 3273 1143 3338; x_wconf 89' lang='lat' dir='ltr'>ostenditur.</span> 
     </span>
    </p>

    <p class='ocr_par' dir='ltr' id='par_1_7' title="bbox 99 3392 1246 4314">
     <span class='ocr_line' id='line_1_27' title="bbox 190 3392 1246 3474; baseline 0.003 -18"><span class='ocrx_word' id='word_1_195' title='bbox 190 3394 260 3457; x_wconf 87' lang='lat' dir='ltr'>Iam</span> <span class='ocrx_word' id='word_1_196' title='bbox 283 3394 309 3458; x_wconf 89' lang='lat' dir='ltr'>si</span> <span class='ocrx_word' id='word_1_197' title='bbox 333 3392 528 3474; x_wconf 88' lang='lat' dir='ltr'>quaerimus,</span> <span class='ocrx_word' id='word_1_198' title='bbox 554 3392 644 3474; x_wconf 92' lang='lat' dir='ltr'>quod</span> <span class='ocrx_word' id='word_1_199' title='bbox 667 3392 842 3459; x_wconf 90' lang='lat' dir='ltr'>discrimen</span> <span class='ocrx_word' id='word_1_200' title='bbox 865 3393 949 3458; x_wconf 90' lang='lat' dir='ltr'>inter</span> <span class='ocrx_word' id='word_1_201' title='bbox 972 3394 1246 3460; x_wconf 86' lang='lat' dir='ltr'>constructionem</span> 
     </span>
     <span class='ocr_line' id='line_1_28' title="bbox 103 3513 1245 3597; baseline 0.003 -20"><span class='ocrx_word' id='word_1_202' title='bbox 103 3513 237 3579; x_wconf 90' lang='lat' dir='ltr'>illorum</span> <span class='ocrx_word' id='word_1_203' title='bbox 261 3514 417 3593; x_wconf 86' lang='lat' dir='ltr'>locorum,</span> <span class='ocrx_word' id='word_1_204' title='bbox 442 3531 523 3593; x_wconf 92' lang='lat' dir='ltr'>quos</span> <span class='ocrx_word' id='word_1_205' title='bbox 546 3514 645 3594; x_wconf 90' lang='lat' dir='ltr'>paulo</span> <span class='ocrx_word' id='word_1_206' title='bbox 669 3534 768 3597; x_wconf 91' lang='lat' dir='ltr'>snpra</span> <span class='ocrx_word' id='word_1_207' title='bbox 791 3513 987 3594; x_wconf 91' lang='lat' dir='ltr'>enumeravi,</span> <span class='ocrx_word' id='word_1_208' title='bbox 1015 3520 1047 3579; x_wconf 91' lang='lat' dir='ltr'>et</span> <span class='ocrx_word' id='word_1_209' title='bbox 1069 3513 1155 3579; x_wconf 90' lang='lat' dir='ltr'>inter</span> <span class='ocrx_word' id='word_1_210' title='bbox 1177 3515 1245 3597; x_wconf 90' lang='lat' dir='ltr'>hos,</span> 
     </span>
     <span class='ocr_line' id='line_1_29' title="bbox 104 3631 1245 3716; baseline 0.002 -20"><span class='ocrx_word' id='word_1_211' title='bbox 104 3653 186 3716; x_wconf 87' lang='lat' dir='ltr'>quos</span> <span class='ocrx_word' id='word_1_212' title='bbox 208 3632 305 3698; x_wconf 91' lang='lat' dir='ltr'>modo</span> <span class='ocrx_word' id='word_1_213' title='bbox 329 3631 500 3714; x_wconf 88' lang='lat' dir='ltr'>adscripsi,</span> <span class='ocrx_word' id='word_1_214' title='bbox 523 3632 715 3716; x_wconf 87' lang='lat' dir='ltr'>intercedat,</span> <span class='ocrx_word' id='word_1_215' title='bbox 739 3654 876 3699; x_wconf 87' lang='lat' dir='ltr'>revera</span> <span class='ocrx_word' id='word_1_216' title='bbox 899 3633 1125 3698; x_wconf 91' lang='lat' dir='ltr'>nihilomnino</span> <span class='ocrx_word' id='word_1_217' title='bbox 1148 3635 1245 3700; x_wconf 90' lang='lat' dir='ltr'>inter-</span> 
     </span>
     <span class='ocr_line' id='line_1_30' title="bbox 104 3752 1244 3836; baseline 0.001 -18"><span class='ocrx_word' id='word_1_218' title='bbox 104 3772 175 3818; x_wconf 89' lang='lat' dir='ltr'>esse</span> <span class='ocrx_word' id='word_1_219' title='bbox 206 3752 382 3818; x_wconf 88' lang='lat' dir='ltr'>dicendum</span> <span class='ocrx_word' id='word_1_220' title='bbox 412 3757 476 3833; x_wconf 90' lang='lat' dir='ltr'>est,</span> <span class='ocrx_word' id='word_1_221' title='bbox 508 3752 677 3835; x_wconf 87' lang='lat' dir='ltr'>quoniam,</span> <span class='ocrx_word' id='word_1_222' title='bbox 708 3754 878 3819; x_wconf 89' lang='lat' dir='ltr'>sententiis</span> <span class='ocrx_word' id='word_1_223' title='bbox 907 3754 986 3836; x_wconf 88' lang='lat' dir='ltr'>ipsis</span> <span class='ocrx_word' id='word_1_224' title='bbox 1021 3754 1112 3818; x_wconf 91' lang='lat' dir='ltr'>nullo</span> <span class='ocrx_word' id='word_1_225' title='bbox 1146 3754 1244 3819; x_wconf 91' lang='lat' dir='ltr'>modo</span> 
     </span>
     <span class='ocr_line' id='line_1_31' title="bbox 105 3871 1245 3956; baseline 0 -20"><span class='ocrx_word' id='word_1_226' title='bbox 105 3872 247 3955; x_wconf 89' lang='lat' dir='ltr'>mutatis,</span> <span class='ocrx_word' id='word_1_227' title='bbox 271 3872 304 3936; x_wconf 94' lang='lat' dir='ltr'>hi</span> <span class='ocrx_word' id='word_1_228' title='bbox 327 3873 392 3936; x_wconf 85' lang='lat' dir='ltr'>loci</span> <span class='ocrx_word' id='word_1_229' title='bbox 417 3891 529 3937; x_wconf 90' lang='lat' dir='ltr'>omnes</span> <span class='ocrx_word' id='word_1_230' title='bbox 544 3871 701 3943; x_wconf 86' lang='lat' dir='ltr'>facillime</span> <span class='ocrx_word' id='word_1_231' title='bbox 719 3893 791 3937; x_wconf 90' lang='lat' dir='ltr'>cum</span> <span class='ocrx_word' id='word_1_232' title='bbox 813 3874 878 3938; x_wconf 89' lang='lat' dir='ltr'>illis</span> <span class='ocrx_word' id='word_1_233' title='bbox 895 3872 1076 3954; x_wconf 90' lang='lat' dir='ltr'>adaequari</span> <span class='ocrx_word' id='word_1_234' title='bbox 1099 3880 1245 3956; x_wconf 87' lang='lat' dir='ltr'>possunt.</span> 
     </span>
     <span class='ocr_line' id='line_1_32' title="bbox 103 3990 1244 4073; baseline 0.002 -16"><span class='ocrx_word' id='word_1_235' title='bbox 103 3993 139 4057; x_wconf 85' lang='lat' dir='ltr'>Si</span> <span class='ocrx_word' id='word_1_236' title='bbox 175 3993 261 4057; x_wconf 93' lang='lat' dir='ltr'>enim</span> <span class='ocrx_word' id='word_1_237' title='bbox 298 3990 366 4056; x_wconf 79' lang='lat' dir='ltr'>Cat.</span> <span class='ocrx_word' id='word_1_238' title='bbox 395 3992 453 4073; x_wconf 86' lang='lat'>40,</span> <span class='ocrx_word' id='word_1_239' title='bbox 483 3993 504 4055; x_wconf 90' lang='grc'>4</span> <span class='ocrx_word' id='word_1_240' title='bbox 538 3991 710 4057; x_wconf 87' lang='lat' dir='ltr'>adducti</span> <span class='ocrx_word' id='word_1_241' title='bbox 745 3993 846 4058; x_wconf 87' lang='lat' dir='ltr'>verbo</span> <span class='ocrx_word' id='word_1_242' title='bbox 888 3992 993 4058; x_wconf 88' lang='lat' dir='ltr'>forma</span> <span class='ocrx_word' id='word_1_243' title='bbox 1025 3992 1119 4058; x_wconf 88' lang='lat' dir='ltr'>finita</span> <span class='ocrx_word' id='word_1_244' title='bbox 1152 4000 1244 4059; x_wconf 88' lang='lat' dir='ltr'>sunt</span> 
     </span>
     <span class='ocr_line' id='line_1_33' title="bbox 104 4111 1244 4196; baseline 0.002 -19"><span class='ocrx_word' id='word_1_245' title='bbox 104 4112 221 4178; x_wconf 91' lang='lat' dir='ltr'>addita</span> <span class='ocrx_word' id='word_1_246' title='bbox 244 4118 344 4193; x_wconf 87' lang='lat' dir='ltr'>esset,</span> <span class='ocrx_word' id='word_1_247' title='bbox 368 4111 415 4176; x_wconf 93' lang='lat' dir='ltr'>ita</span> <span class='ocrx_word' id='word_1_248' title='bbox 437 4118 473 4177; x_wconf 91' lang='lat' dir='ltr'>ut</span> <span class='ocrx_word' id='word_1_249' title='bbox 500 4113 680 4194; x_wconf 88' lang='lat' dir='ltr'>legeretur:</span> <span class='ocrx_word' id='word_1_250' title='bbox 706 4111 822 4192; x_wconf 83' lang='lat' dir='ltr'>„Haeo</span> <span class='ocrx_word' id='word_1_251' title='bbox 851 4113 907 4176; x_wconf 93' lang='lat' dir='ltr'>ubi</span> <span class='ocrx_word' id='word_1_252' title='bbox 931 4112 1024 4194; x_wconf 86' lang='lat' dir='ltr'>dixit,</span> <span class='ocrx_word' id='word_1_253' title='bbox 1048 4112 1244 4196; x_wconf 85' lang='lat' dir='ltr'>Allobroges</span> 
     </span>
     <span class='ocr_line' id='line_1_34' title="bbox 99 4231 1244 4314; baseline 0 -17"><span class='ocrx_word' id='word_1_254' title='bbox 99 4234 135 4297; x_wconf 91' lang='lat' dir='ltr'>in</span> <span class='ocrx_word' id='word_1_255' title='bbox 160 4251 347 4297; x_wconf 87' lang='lat' dir='ltr'>maxumam</span> <span class='ocrx_word' id='word_1_256' title='bbox 376 4251 466 4314; x_wconf 92' lang='lat' dir='ltr'>spem</span> <span class='ocrx_word' id='word_1_257' title='bbox 496 4231 632 4296; x_wconf 87' lang='lat' dir='ltr'>adducti</span> <span class='ocrx_word' id='word_1_258' title='bbox 661 4239 750 4296; x_wconf 86' lang='lat' dir='ltr'>sunt:</span> <span class='ocrx_word' id='word_1_259' title='bbox 781 4231 981 4298; x_wconf 90' lang='lat' dir='ltr'>Umbrenum</span> <span class='ocrx_word' id='word_1_260' title='bbox 1004 4252 1111 4313; x_wconf 86' lang='lat' dir='ltr'>orare,</span> <span class='ocrx_word' id='word_1_261' title='bbox 1135 4238 1172 4297; x_wconf 89' lang='lat' dir='ltr'>ut</span> <span class='ocrx_word' id='word_1_262' title='bbox 1194 4233 1244 4297; x_wconf 91' lang='lat' dir='ltr'>sui</span> 
     </span>
    </p>
   </div>
   <div class='ocr_carea' id='block_1_5' title="bbox 0 0 1444 4762">
    <p class='ocr_par' dir='ltr' id='par_1_8' title="bbox 0 0 1444 4762">
     <span class='ocr_line' id='line_1_35' title="bbox 0 0 1444 4762; baseline 0 3"><span class='ocrx_word' id='word_1_263' title='bbox 0 0 1444 4762; x_wconf 95' lang='lat' dir='ltr'> </span> 
     </span>
    </p>
   </div>
  </div>
 </body>
</html>
