2880 4762
693 189 735 254 52

231 361 419 441 trahantur,
466 357 630 423 custodire
674 375 854 438 semones,
900 354 1025 421 voltum
1069 354 1292 439 hahitumque

230 477 360 547 trahere
383 479 416 543 in
442 477 596 546 deterius.

146 600 342 667 collidus:
378 599 463 663 Ann.
486 599 529 679 ΙΙ,
553 599 609 663 57:
645 597 712 664 Sed
745 596 843 662 amici
878 598 1101 665 accendendis
1134 597 1290 665 offensio·

231 722 328 786 nibus
351 717 497 785 callidi
519 717 690 784 intendere
706 738 794 801 vera,
820 717 980 802 adgerere
1003 717 1089 783 falsa
1111 718 1289 802 ipsumque

233 847 265 906 et
287 838 479 904 Plancinam
503 844 536 903 et
558 837 643 903 filios
665 838 765 904 variis
787 837 895 904 modis
918 837 1092 903 criminari.

146 967 307 1044 coptus:
331 959 414 1024 Hist.
438 957 498 1040 III,
523 959 579 1024 73:
603 958 655 1024 Ex
679 958 810 1024 diverso
833 957 956 1040 trepidi
978 957 1116 1039 milites,
1142 956 1214 1023 dux
1239 979 1290 1024 se·

232 1081 306 1164 gnis
334 1087 366 1147 et
393 1080 484 1145 velut
512 1086 655 1163 captus
688 1080 788 1145 animi
816 1100 881 1145 nun
909 1079 1033 1163 lingua,
1057 1099 1122 1144 non
1149 1079 1290 1146 aurihus

233 1207 433 1283 competere3
457 1219 564 1281 neque
593 1200 711 1267 alienis
734 1200 879 1265 consiliis
908 1200 987 1282 regi,
1011 1219 1120 1282 neque
1144 1218 1207 1264 sua
1231 1219 1290 1265 ex-

232 1319 364 1405 pedire;
392 1319 456 1385 hnc
485 1320 564 1385 illuc
589 1320 787 1385 clamoribus
815 1319 956 1385 hostium
980 1318 1176 1403 circumagi,
1200 1339 1289 1402 quae

232 1441 386 1522 iusserat,
421 1445 548 1520 vetare,
583 1460 668 1522 quae
700 1445 865 1520 vetuerat,
906 1439 1033 1518 iubere;
1068 1446 1160 1512 mox,
1196 1439 1291 1521 quod

233 1561 266 1624 in
294 1559 430 1642 perditis
457 1559 554 1624 rehus
577 1557 708 1640 accidit,
738 1579 849 1625 omnes
872 1559 1077 1642 praecipere,
1102 1579 1199 1625 nemo
1231 1579 1291 1626 ex-

231 1680 385 1762 sequi..
411 1725 451 1742 ..

148 1800 412 1882 conquirens:
436 1799 520 1862 Ann.
544 1799 619 1881 XII,
643 1801 701 1865 68:
724 1798 794 1863 Iam
818 1799 957 1882 primum
979 1799 1172 1883 Agrippina,
1196 1800 1293 1867 velut

234 1919 346 1984 dolore
370 1919 479 1985 evicta
502 1925 535 1984 et
557 1919 681 1984 solacia
705 1919 968 2002 conquirens,
991 1926 1104 2029 tenere
1128 1920 1292 2002 amplexu

232 2038 468 2120 Britannicum,
494 2057 604 2103 veram
626 2040 755 2122 paterni
785 2039 849 2103 oris
878 2037 1020 2120 effigiem
1047 2040 1219 2123 appellare
1248 2061 1293 2106 ac

233 2159 334 2224 variis
357 2157 483 2223 artibus
507 2158 677 2237 demorari,
700 2180 741 2226 ne
765 2158 916 2224 cubiculo
940 2157 1160 2241 egrederetur.

148 2280 382 2347 consulens:
413 2277 490 2361 Jug.
514 2278 564 2355 33,
588 2279 624 2342 3:
647 2278 691 2342 At
718 2277 751 2342 h.
780 2277 950 2344 Memmius
974 2324 1108 2342 .....
1133 2277 1293 2362 dignitati
1333 2269 1338 2277 ’

235 2416 334 2480 quam
363 2395 431 2459 irae
461 2394 566 2477 magis
590 2397 807 2462 consulens
830 2395 947 2460 sedare
976 2404 1083 2462 motus
1106 2403 1138 2463 et
1160 2398 1293 2467 animos

234 2536 346 2583 eurum
379 2514 521 2597 mollire,
556 2522 718 2597 postremo
753 2515 957 2594 confirmare,
991 2514 1090 2582 fidem
1111 2517 1291 2606 publicam

234 2656 292 2719 per
314 2655 387 2701 sese
408 2634 602 2700 inviolatam
624 2634 702 2700 fore.

149 2756 324 2822 discors:
348 2755 432 2818 Ann.
448 2754 524 2829 XII,
548 2755 605 2819 54:
623 2754 781 2838 (Galilaei
800 2760 831 2820 et
848 2753 1045 2839 Samaritae)
1069 2754 1292 2825 discordes

234 2875 311 2940 olim
335 2880 366 2939 et
382 2880 452 2938 tum
469 2879 658 2956 contemptu
680 2873 861 2955 regentium
885 2873 992 2938 minus
1016 2875 1168 2941 coercitis
1192 2876 1289 2944 odiis.

233 2994 333 3076 igitur
355 2998 486 3074 raptare
509 2994 593 3060 inter
608 3013 653 3075 se,
677 2993 850 3059 immittere
866 2994 1027 3058 latronum
1050 2994 1177 3078 globos,
1202 3016 1290 3061 oom-

159 3149 163 3155 ·
234 3134 355 3206 ponere
377 3111 515 3178 insidias
532 3118 565 3178 et
583 3112 764 3195 aliqnando
778 3112 912 3195 proeliis
928 3113 1093 3197 congredi,
1117 3115 1289 3198 spoliaque

235 3239 267 3301 et
295 3233 439 3316 praedas
466 3232 511 3296 ad
540 3239 767 3314 procuratores
789 3230 920 3298 referre.
966 3231 1065 3315 hique
1093 3233 1198 3316 primo
1219 3236 1290 3303 lae·

234 3353 306 3436 tari,
330 3373 407 3418 mox
430 3353 589 3434 gliscente
612 3352 756 3434 pernicie
780 3372 854 3416 cum
874 3371 968 3415 arma
991 3351 1130 3417 militum
1152 3353 1291 3422 interie-
1359 3385 1363 3391 ·

234 3474 363 3555 cissent,
389 3455 478 3538 oaesi
500 3473 637 3553 milites;
662 3472 860 3553 arsissetque
886 3521 892 3535 .
917 3520 924 3535 .
950 3517 956 3532 .
982 3521 989 3535 .

151 3594 357 3660 diversus:
387 3592 469 3657 Hist.
499 3591 560 3674 IV,
596 3593 653 3658 84:
689 3590 753 3667 Qui
783 3589 1058 3675 (Scydrothemis)
1096 3591 1290 3660 diversus

233 3712 334 3776 animi
356 3710 452 3776 modo
475 3732 595 3778 numen
617 3730 812 3794 pavescere,
837 3709 933 3775 modo
964 3711 1060 3776 minis
1082 3712 1291 3779 adversantis
1359 3789 1364 3798 ⁴

235 3828 349 3915 populi
371 3829 494 3896 terreri.

151 3950 329 4019 evictus:
353 3950 437 4013 Anu.
460 3948 536 4031 XII,
562 3950 602 4014 68
627 3968 657 4012 v.
683 3948 886 4031 conquirens.
925 3988 938 4009 .

152 4072 381 4160 exsolutus:
410 4070 493 4135 Ann.
518 4069 600 4148 XII,
631 4067 689 4132 46:
718 4067 876 4150 Digressu
901 4068 1098 4135 centurionis
1121 4071 1212 4135 velut
1234 4091 1289 4136 cn·

237 4189 330 4256 stode
354 4189 566 4255 exsolutus
597 4187 782 4272 praefectus
810 4187 933 4253 hortari
961 4188 1205 4255 Mithridaten.
