2880 4762
704 494 787 577 cap.
811 494 883 560 111.

320 647 562 712 Sallustium
585 646 823 712 infinitivos
846 647 1067 714 historicos
1090 649 1259 732 saepius

504 806 725 868 usurpasse
749 806 863 868 quam
887 788 1084 852 Tacitum.

314 974 409 1039 Locis
431 973 545 1056 igitur,
575 973 694 1057 quibus
715 974 868 1040 infinitivi
896 974 1042 1041 historici
1064 975 1156 1058 apud
1179 974 1360 1058 scriptores

227 1099 355 1159 nostros
378 1092 598 1174 inveniuntur,
621 1092 806 1158 accuratius
836 1093 1050 1176 examinatis,
1064 1116 1147 1160 -non
1170 1094 1266 1160 modo
1290 1095 1362 1160 Sal-

226 1214 360 1280 lustium
390 1212 526 1277 formam
555 1211 648 1296 illam
682 1213 826 1277 crebrius
862 1232 959 1294 quam
988 1213 1137 1280 Tacitum
1167 1214 1361 1282 adhibuisse

226 1333 463 1416 intellegimus,
493 1331 675 1403 sedetiam
699 1332 895 1398 eundemin
924 1333 1104 1416 posteriore
1133 1335 1213 1401 belli
1241 1336 1362 1418 lugur-

225 1453 309 1519 thini
332 1460 425 1536 parte
448 1452 619 1516 infinitivis
648 1451 811 1518 historicis
839 1455 941 1519 multo
971 1454 1105 1537 saepius
1127 1474 1226 1536 quam
1248 1455 1301 1521 vel
1324 1454 1358 1518 in

227 1573 335 1657 priore
364 1575 417 1638 vel
445 1573 479 1636 in
510 1571 734 1638 coniuratione
764 1570 925 1640 Catilinae
955 1594 1048 1639 usum
1079 1595 1150 1640 csse
1180 1573 1278 1640 facilc
1308 1595 1361 1640 co·

226 1693 423 1777 gnoscimus.
457 1689 557 1757 Cuius
571 1692 619 1758 rei
632 1711 742 1775 causa,
756 1712 830 1757 cum
846 1714 888 1760 ex
903 1693 1085 1776 argumenti
1099 1702 1216 1761 natura
1228 1694 1362 1760 minime

226 1811 407 1895 repetenda
428 1812 480 1896 sit,
504 1811 570 1878 alio
593 1812 689 1878 modo
706 1812 868 1896 explicari
883 1814 1005 1898 nequit,
1028 1814 1093 1880 nisi
1108 1821 1144 1878 ut
1159 1815 1360 1898 Sallustium,

228 1951 292 2029 quo
316 1933 412 2015 plura
431 1932 605 2015 scripserit,
636 1953 674 1999 eo
698 1934 802 2017 magis
824 1933 886 1998 hac
908 1933 1013 1999 forma
1035 1935 1192 1999 narrandi
1216 1935 1361 2001 delecta-

227 2058 294 2117 tum
318 2072 390 2118 esse
413 2052 648 2119 existimemus.
693 2054 742 2118 Ac
765 2052 911 2136 profecto
935 2073 987 2118 res
1017 2054 1064 2118 ita
1088 2074 1122 2119 se
1152 2054 1260 2120 habet.
1306 2056 1359 2119 ln-

226 2171 362 2237 finitivis
385 2171 472 2237 enim
495 2162 659 2238 historicis
686 2173 720 2237 in
744 2178 1039 2255 rerumgestarum
1063 2173 1272 2255 expositione
1296 2173 1360 2239 fre-

226 2292 436 2375 quentissime
471 2291 642 2375 adhibitis,
678 2292 853 2356 Sallustius
888 2292 994 2356 forma
1029 2291 1092 2356 ista
1125 2292 1172 2356 ita
1201 2293 1358 2375 assuevit,

224 2419 261 2477 ut
283 2433 324 2478 ea
347 2413 445 2478 etiam
468 2418 613 2478 uteretur
635 2411 725 2494 locis,
750 2411 868 2494 quibus
890 2431 932 2478 ex
956 2411 1153 2493 reliquorum
1166 2411 1359 2493 scriptorum

223 2553 357 2599 numero
385 2532 477 2596 illam
511 2551 668 2614 usurpare
702 2552 796 2597 nemo
825 2551 925 2596 ausus
953 2539 1048 2597 esset.
1101 2531 1164 2608 Qui
1193 2532 1258 2598 loci
1284 2539 1359 2596 sunt

196 2665 197 2668 ’
226 2652 303 2736 Jug.
327 2655 378 2738 95,
402 2655 422 2716 3
446 2660 478 2720 et
502 2654 573 2735 100,
597 2654 627 2716 4.
672 2651 794 2716 Scribit
818 2651 903 2718 euim
926 2652 1010 2716 illic:

355 2774 477 2856 ,Igitur
494 2772 586 2836 Sulla
607 2770 714 2855 gentis
736 2770 894 2854 patriciae
917 2771 1036 2836 nobilis
1060 2769 1122 2836 fuit
1140 2772 1267 2836 familia
1290 2771 1356 2834 iam

309 2912 410 2975 prope
445 2892 593 2958 extincta
625 2879 782 2955 maiorum
816 2891 966 2974 ignavia,
1001 2890 1119 2957 litteris
1154 2891 1289 2959 Graecis
1326 2899 1359 2956 et

310 3011 435 3076 Latinis
457 3011 552 3075 iuxta
574 3016 673 3093 atque
697 3010 885 3076 doctissumi
914 3010 1070 3095 eruditus,
1095 3012 1202 3076 auimo
1220 3011 1357 3094 ingenti,

309 3129 449 3213 cupidus
470 3131 674 3213 voluptatum
697 3131 757 3197 sed
780 3130 903 3214 gloriae
919 3130 1078 3215 cupidior,
1102 3132 1167 3197 otio
1191 3131 1358 3195 luxurioso

309 3269 413 3316 esse:
442 3255 551 3316 tamen
580 3251 621 3315 ab
645 3251 788 3334 negotiis
810 3272 986 3334 numquam
1009 3253 1161 3334 voluptas
1184 3257 1356 3332 remorata,

308 3369 371 3434 nisi
393 3369 481 3451 quod
505 3368 545 3435 de
568 3390 673 3436 uxore
702 3370 807 3453 potuit
829 3371 997 3438 honestius
1020 3371 1162 3455 consuli3
1194 3369 1357 3435 facundus

309 3487 467 3554 callidus“
493 3508 578 3570 quae
602 3495 791 3572 sequuntur.

307 3609 379 3674 Hoc
401 3610 475 3674 loco
499 3628 587 3676 esse
603 3608 810 3694 infinitivum,
834 3632 944 3694 quem,
969 3612 1028 3676 tali
1051 3612 1083 3674 in
1108 3630 1231 3675 morum
1254 3611 1355 3674 homi-

222 3727 274 3792 nis
318 3726 488 3794 cuiusdam
529 3730 748 3813 descriptione
783 3731 1072 3798 insolentissimum
1107 3738 1207 3811 atque
1242 3739 1357 3796 contra

220 3867 342 3913 morem
366 3848 699 3932 consuetudinemque
723 3852 881 3933 positum,
911 3849 1055 3932 Cortice,
1085 3849 1182 3914 trium
1206 3850 1356 3916 codicum

221 3967 416 4034 auctoritate
444 3969 558 4051 nixus,
593 3968 741 4035 funditus
770 3969 953 4053 deleverat,
982 3970 1141 4050 Kritaius,
1172 3970 1272 4036 verbo
1303 3970 1356 4037 hic

221 4087 326 4153 careri
349 4109 413 4153 non
437 4108 532 4171 posse
554 4096 653 4172 ratus,
677 4089 857 4156 rectissime
880 4089 1024 4157 restituit
1054 4091 1118 4159 hac
1142 4093 1355 4158 annotatione

221 4207 325 4272 faeta:
