2880 4762
692 223 734 286 49

232 399 464 477 aspectare,
488 394 580 457 nulla
602 392 635 455 in
652 412 808 475 praesens
825 393 1009 473 formidine,
1026 394 1104 458 dum
1119 395 1289 478 Augustus

233 519 343 579 aetate
376 511 507 578 validus
534 531 636 594 seque
666 518 698 578 et
728 512 857 577 domum
888 519 921 579 et
944 534 1060 596 pacem
1084 515 1288 581 sustentavit.

232 633 430 715 Postquam.
445 679 473 693 ..
488 679 495 693 .
519 632 722 716 fatigabatur
732 632 926 715 ¹aderatque
943 632 1017 700 finis
1033 641 1065 700 et
1081 655 1156 718 spes
1171 655 1287 713 novae,
1343 675 1346 681 ·

233 738 331 836 pauci
352 754 440 818 hona
455 753 618 818 libertatis
642 755 676 818 in
700 772 827 818 cassum
852 752 1073 832 disserere,
1095 756 1206 838 plures
1220 754 1289 821 hel·

232 875 300 938 lum
333 894 577 957 pavescere,
606 874 664 938 alii
700 893 858 956 cupere.
901 893 978 956 pars
1012 875 1115 939 multo
1144 875 1290 951 maxima

232 995 420 1060 inminentis
437 991 586 1059 deminae
609 993 710 1057 variis
724 993 909 1058 rumoribus
932 993 1144 1059 differebant:
1163 1001 1287 1060 trucem

231 1113 413 1195 Agrippam
448 1119 480 1178 et
513 1111 694 1194 ignominia
727 1131 902 1176 accensum
937 1133 1003 1177 non
1038 1120 1147 1180 aetate
1182 1135 1289 1198 neque

232 1253 337 1298 rerum
362 1231 579 1315 experientia,
601 1237 714 1297 tantae
737 1230 813 1296 moli
836 1250 947 1313 parem
964 1279 971 1292 .
986 1278 993 1292 .
1007 1234 1042 1292 .“

233 1389 293 1453 His
316 1407 446 1470 quoque
476 1387 557 1451 locis
579 1385 679 1451 facile
710 1385 862 1467 cognosci
885 1392 1000 1472 potest
1030 1406 1073 1451 ex
1102 1405 1288 1466 noscere,

147 1508 276 1587 nosci,
312 1506 492 1584 discere,
521 1506 654 1589 sequi,
684 1505 898 1588 adpetere,
928 1525 1138 1584 recusare,
1167 1525 1289 1587 agere

147 1627 316 1692 infinitivis
338 1626 499 1692 historicis
528 1626 719 1708 Agricolam
746 1646 782 1691 re
805 1645 900 1703 vcra,
924 1625 1041 1689 militia
1063 1626 1096 1689 in
1119 1600 1289 1691 lasciviam

147 1748 279 1812 minime
302 1766 407 1824 versa,
431 1766 491 1810 neo
514 1747 651 1811 licenter
676 1765 735 1811 nec
764 1746 908 1827 segniter
935 1745 1057 1810 tribuni
1086 1744 1194 1810 officio
1217 1745 1289 1809 fun·

148 1874 236 1932 ctum
259 1884 348 1945 esse,
372 1884 415 1929 ex
439 1865 640 1947 spoliare,
664 1884 825 1947 rapere,
847 1866 880 1929 vi
904 1873 935 1930 et
958 1865 1077 1947 stupris
1099 1865 1288 1947 polluere

147 1986 278 2050 Italiam
301 1984 450 2068 profecto
474 1985 607 2066 gravius
637 1993 735 2066 atque
770 1984 911 2048 atrocius
946 2005 1044 2067 quam
1078 1984 1167 2050 hello
1196 1985 1288 2049 adfii-

150 2112 272 2171 ctatam
289 2123 375 2182 esse,
398 2123 441 2169 ex
458 2111 690 2186 aspectare,
714 2103 933 2184 disserere,
958 2124 1199 2185 pavescere,
1223 2125 1288 2169 cu-

150 2246 245 2309 pere
270 2225 411 2290 oivitatis
427 2229 547 2289 statum
569 2223 717 2288 funditus
734 2243 883 2289 eversum
898 2243 1006 2305 neque
1022 2223 1201 2306 quidquam
1224 2225 1288 2306 pri·

151 2346 199 2410 sci
221 2346 408 2427 integrique
432 2344 531 2408 moris
554 2364 692 2425 usquam
714 2344 863 2409 relictum
886 2363 966 2409 esse.

236 2515 329 2579 Idem
352 2512 417 2576 sibi
439 2515 554 2578 volunt
576 2512 728 2577 infinitivi
751 2514 898 2580 historici
920 2516 998 2597 Agr.
1025 2517 1079 2597 18;
1103 2517 1142 2579 21
1166 2551 1209 2561 -
1232 2518 1288 2580 ubi
1340 2524 1341 2527 ’

148 2635 288 2717 scriptor
316 2633 403 2697 inter
438 2631 631 2713 infinitivos,
667 2633 785 2715 quibus
820 2634 1037 2698 saluberrima
1063 2636 1122 2699 illa
1152 2634 1290 2700 consilia

148 2754 326 2838 Agricolae
351 2751 532 2835 descripsit,
549 2760 636 2819 erat
659 2754 758 2819 verbo
775 2752 865 2818 finito
884 2772 970 2832 usus,
986 2774 1078 2818 suam
1093 2754 1288 2819 sententiam

147 2873 353 2956 interposuit,
378 2893 441 2955 quo
466 2874 586 2938 certius
609 2874 694 2938 hanc
714 2875 817 2958 ipsius
838 2874 1033 2940 sententiam
1056 2874 1098 2938 ah
1123 2874 1179 2954 eis,
1203 2895 1287 2957 quae

148 2993 302 3072 narravit,
325 2999 512 3059 secerneret
533 3029 576 3040 —
599 2993 655 3073 363
680 2995 737 3074 37,
766 3031 809 3041 -
832 2995 912 3059 Hist.
936 2993 960 3071 I,
984 2994 1035 3057 23.
1059 2994 1101 3057 36
1123 2993 1286 3077 (adorare,
1323 3062 1327 3071 ,

147 3113 288 3194 iacerc');
323 3113 381 3191 453
423 3114 480 3194 623
515 3115 572 3195 65,
606 3114 648 3192 II,
685 3115 740 3194 123
778 3114 921 3194 1931233
958 3114 1015 3191 303
1051 3114 1108 3191 463
1137 3113 1197 3194 III,
1230 3114 1285 3194 173

148 3234 204 3313 363
228 3235 285 3312 493
308 3232 364 3311 IV,
388 3235 423 3312 23
451 3233 505 3313 113
529 3234 585 3312 20;
615 3236 672 3312 293
696 3233 752 3312 343
776 3234 835 3312 463
858 3234 915 3315 543
940 3235 996 3310 623
1021 3233 1077 3313 673
1102 3232 1140 3310 V,
1166 3233 1286 3313 153—
1387 3228 1389 3233 ’

147 3353 233 3416 Ann.
257 3351 299 3428 II,
323 3353 379 3426 23;
403 3351 461 3431 433
485 3352 543 3431 ὣς
567 3351 705 3432 593111,
729 3354 772 3417 20
794 3352 857 3431 (ubi
873 3353 946 3418 loco
964 3352 1200 3417 infinitivorum
1222 3352 1286 3434 pri-

149 3490 239 3535 orum
263 3470 402 3535 ablativi
423 3473 570 3565 absoluti
583 3473 679 3555 positi
703 3474 802 3556 sunt];
826 3473 883 3551 46,
906 3471 962 3550 IV,
988 3473 1043 3552 123
1068 3473 1124 3552 253
1148 3473 1205 3553 603
1229 3473 1285 3553 68;

148 3592 204 3669 693
231 3592 286 3672 70;
309 3590 364 3669 VI,
388 3593 445 3672 433
475 3593 532 3671 50,
562 3592 620 3674 XI,
645 3595 680 3671 93
712 3593 766 3671 16,
790 3593 846 3671 283
871 3593 927 3669 313
951 3592 1026 3670 XII,
1052 3594 1087 3673 13
1110 3591 1202 3671 XIII,
1228 3592 1284 3670 193

148 3713 190 3774 46
214 3711 426 3795 (valescere);
449 3712 537 3795 XIV,
564 3713 603 3776 15
621 3709 822 3794 (personare,
839 3712 966 3797 agere),
984 3710 1144 3791 163XV1,
1163 3712 1216 3789 133
1235 3711 1284 3774 19.
1363 3739 1367 3746 ·

233 3864 307 3928 Huc
324 3866 422 3930 etiam
438 3866 604 3933 referendi
619 3847 694 3931 sunt
709 3866 898 3949 paucissimi
908 3865 967 3931 ,isti
982 3866 1055 3944 loci,
1080 3864 1198 3947 quibus
1220 3883 1285 3926 non

148 3985 331 4050 sententiae
376 3986 588 4069 principales,
639 3985 698 4051 sed
742 3987 913 4052 enuntiata
948 3985 1161 4061 secundaria,
1200 4003 1284 4066 quae

148 4105 285 4186 scriptor
321 4105 474 4169 ablativis
507 4112 632 4171 tantum
667 4107 826 4171 absolutis
863 4105 1087 4187 significahat,
1116 4103 1285 4167 infinitivis

148 4224 310 4289 historicis
325 4224 481 4288 illustrari
495 4226 763 4309 comprobarique
777 4226 937 4308 videntur,
950 4225 1047 4291 sicuti
1060 4225 1144 4288 Ann.
1157 4222 1212 4300 IV,
1226 4223 1283 4286 28:

1078 4343 1096 4394 4
