2880 4762
686 168 729 232 42

275 340 413 421 „Voeati
445 339 583 422 posthae
616 346 727 422 patres
763 338 867 403 multa
903 344 936 403 et
968 334 1149 420 magnilica
1188 354 1290 418 super

232 460 422 544 captivitate
465 458 636 524 Oaraotaoi
688 458 887 537 disseruere,
937 477 1045 540 neque
1094 457 1210 521 minus
1256 454 1290 519 id

232 583 356 645 olarum
390 600 488 662 quam
523 578 612 662 quod
646 577 835 662 Syphacem
867 577 904 641 P.
939 577 1063 660 Scipio,
1090 577 1223 642 Persen
1253 577 1287 641 L.

230 700 364 778 Paulus,
393 705 425 764 et
454 699 481 764 si
510 700 566 782 qui
600 699 658 763 alii
687 700 813 763 vinctos
847 717 943 780 reges
976 697 1099 780 populo
1134 697 1287 762 Romano

231 819 462 885 ostendere.
487 826 662 885 censentur
677 817 805 884 Ostorio
829 817 984 900 triumphi
1001 817 1156 900 insignia,
1171 866 1178 880 .
1193 869 1200 883 .
1217 864 1225 880 .
1241 821 1287 899 .;“

145 946 178 1006 et
201 940 289 1003 Ann.
314 939 373 1018 XI,
397 939 453 1004 25:

274 1057 403 1136 „Isdem
420 1057 538 1123 diebus
562 1058 595 1121 in
619 1077 787 1122 numerum
803 1056 1014 1139 patriciorum
1036 1055 1181 1122 adscivit
1204 1054 1287 1121 an-

231 1196 286 1244 sar
315 1180 570 1245 vetustissimum
600 1197 762 1260 quemque
792 1197 810 1240 e
833 1182 950 1242 senatu
973 1182 1030 1241 aut
1053 1176 1174 1257 quibus
1204 1176 1287 1240 olari

230 1305 385 1381 parentes
408 1298 548 1377 fuerant,
572 1298 687 1380 paneis
709 1297 774 1360 iam
796 1297 930 1379 reliquis
960 1295 1177 1375 familiarum,
1202 1317 1287 1379 quas

232 1420 393 1484 Romulus
414 1419 572 1482 maiorum
602 1422 634 1481 et
657 1417 693 1480 L.
716 1417 835 1482 Brutus
858 1417 1020 1481 minorum
1050 1416 1201 1499 gentium
1230 1437 1287 1499 ap·

234 1539 454 1620 pellaverant,
480 1536 651 1602 exhaustis
676 1537 774 1601 etiam
798 1556 879 1619 quas
901 1535 1040 1601 dictator
1063 1535 1188 1602 Caesar
1210 1538 1287 1620 lege

234 1657 348 1722 Cassia
378 1671 411 1722 et
433 1657 589 1740 princeps
611 1657 780 1740 Augustus
803 1657 878 1738 lege
902 1655 1024 1721 Saenia
1046 1656 1288 1742 sublegere,

236 1780 390 1859 laetaque
420 1776 502 1842 haec
531 1778 564 1841 in
593 1797 661 1843 rem
691 1777 859 1860 publicam
887 1776 999 1840 munia
1030 1776 1131 1841 multo
1161 1776 1288 1858 gaudio

238 1897 382 1962 censoris
405 1897 604 1961 inibantur.“

231 2016 340 2081 Etiam
368 2017 418 2082 his
445 2017 526 2082 loeis
554 2024 653 2100 atque
682 2017 757 2081 aliis
795 2015 1036 2097 similibusque,
1073 2015 1192 2095 quibus
1229 2017 1290 2082 ad-

147 2138 259 2203 verbio
283 2136 425 2219 quodam
447 2138 605 2220 temporis
628 2136 757 2202 adieoto
780 2171 823 2182 —
845 2141 881 2200 ut
903 2135 988 2199 Ann.
1012 2135 1038 2214 I,
1060 2136 1117 2198 49:

275 2256 435 2336 „Diversa
464 2257 617 2338 omnium,
642 2275 727 2337 quae
751 2276 926 2338 unquam
950 2253 1111 2337 aooidere,
1137 2255 1290 2321 civilium

232 2395 395 2439 armorum
419 2374 560 2454 faoies;“

145 2530 188 2543 -—
219 2496 304 2561 aetio
334 2495 407 2578 ipsa
441 2495 628 2561 declaratur
656 2495 847 2560 iamdudum
870 2494 1051 2577 praeterita
1078 2500 1178 2577 atque
1208 2515 1289 2560 eum

146 2618 194 2683 eis
217 2617 325 2695 rebus,
349 2634 435 2696 quae
458 2615 535 2681 inde
560 2615 699 2682 effectae
722 2621 808 2694 sunt,
832 2613 984 2679 eonfeeta
1006 2633 1204 2696 prorsusque
1227 2589 1303 2680 abss

146 2737 264 2815 soluta,
289 2735 409 2800 formas
433 2733 667 2814 ostendere,
697 2736 932 2816 sublegere,
962 2732 1155 2800 aoeidere
1184 2734 1289 2801 histo·

145 2855 232 2920 rioos
254 2873 326 2920 esse
349 2853 527 2920 infinitivos
549 2856 640 2920 nullo
665 2853 761 2919 modo
785 2852 938 2920 contendi
960 2858 1076 2936 potest.

232 2973 266 3039 Si
288 2980 398 3040 autem
420 2974 469 3038 his
492 2976 574 3040 loeis
595 2977 679 3040 tales
701 2973 823 3039 formas
845 2973 964 3046 finitas,
987 2993 1071 3055 quae
1094 2992 1152 3056 pro
1176 2972 1289 3039 infini-

147 3095 223 3160 tivis
245 3095 360 3160 lraberi
382 3100 527 3177 possunt,
550 3095 689 3178 scriptor
710 3093 870 3173 adhibuit,
894 3114 959 3158 non
981 3094 1193 3176 intellegitur,
1219 3114 1289 3176 qua

148 3214 190 3280 de
218 3188 327 3279 ¹eausa
361 3213 494 3279 easdem
530 3213 651 3279 formas
677 3214 758 3279 alibi
787 3213 960 3297 defugerit.
1013 3213 1118 3290 Quam
1144 3213 1185 3278 ob
1214 3233 1288 3279 rem

148 3355 205 3399 eas
234 3354 365 3417 quoque
394 3333 530 3414 formas,
560 3354 645 3416 quae
674 3354 774 3417 supra
802 3336 925 3400 allatae
954 3339 1044 3413 sunt,
1075 3332 1184 3397 finitas
1211 3352 1286 3399 esse

147 3453 227 3518 milri
252 3452 382 3537 quidem
412 3473 604 3536 persuasum
633 3462 691 3518 est.
736 3453 787 3520 Ne
812 3460 957 3520 statuere
980 3452 1113 3535 quidem
1135 3451 1284 3532 verbum,

148 3572 238 3656 quod
264 3574 384 3656 legitur
405 3573 491 3638 Anu.
516 3574 587 3654 XV,
611 3576 668 3639 53:

277 3693 448 3772 „Tandem
463 3700 646 3760 statuere
670 3696 862 3761 eireensium
884 3693 1035 3758 ludorum
1059 3692 1122 3773 die,
1146 3689 1202 3773 qui
1223 3687 1285 3758 Oe·

233 3813 298 3879 reri
321 3811 523 3893 celebratur,
547 3816 684 3898 exsequi
713 3814 893 3892 destinata,
934 3814 1011 3895 quia
1039 3812 1162 3878 Caesar
1190 3829 1286 3876 rarus

235 3952 368 4009 egressu
398 3931 559 4016 domoque
593 3942 649 4000 aut
682 3935 783 3999 hortis
818 3935 949 3998 clausus
978 3931 1020 3996 ad
1049 3930 1175 3996 ludicra
1204 3930 1286 3995 oiroi

235 4051 416 4118 ventitabat
451 4055 731 4137 promptioresque
772 4052 881 4117 aditus
923 4059 1015 4118 erant
1049 4050 1177 4116 laetitia
1210 4069 1285 4133 spe-

236 4172 398 4251 etaouli;“
