<?xml version="1.0" encoding="UTF-8"?>
<!DOCTYPE html PUBLIC "-//W3C//DTD XHTML 1.0 Transitional//EN"
    "http://www.w3.org/TR/xhtml1/DTD/xhtml1-transitional.dtd">
<html xmlns="http://www.w3.org/1999/xhtml" xml:lang="en" lang="en">
 <head>
  <title>
</title>
<meta http-equiv="Content-Type" content="text/html;charset=utf-8" />
  <meta name='ocr-system' content='tesseract 3.04.00' />
  <meta name='ocr-capabilities' content='ocr_page ocr_carea ocr_par ocr_line ocrx_word'/>
</head>
<body>
  <div class='ocr_page' id='page_1' title='image "./quaestionesdeus00huebgoog_0062.png"; bbox 0 0 2880 4762; ppageno 0'>
   <div class='ocr_carea' id='block_1_1' title="bbox 567 898 814 1032">
    <p class='ocr_par' dir='ltr' id='par_1_1' title="bbox 567 898 814 1032">
     <span class='ocr_line' id='line_1_1' title="bbox 567 898 814 1032; baseline 0.004 -37"><span class='ocrx_word' id='word_1_1' title='bbox 567 941 570 944; x_wconf 41' lang='lat'><strong>⁴</strong></span> <span class='ocrx_word' id='word_1_2' title='bbox 615 898 814 1032; x_wconf 85' lang='lat' dir='ltr'><strong>Index.</strong></span> 
     </span>
    </p>
   </div>
   <div class='ocr_carea' id='block_1_2' title="bbox 679 1135 770 1143">
    <p class='ocr_par' dir='ltr' id='par_1_2' title="bbox 679 1135 770 1143">
     <span class='ocr_line' id='line_1_2' title="bbox 679 1135 770 1143; baseline -0.011 0"><span class='ocrx_word' id='word_1_3' title='bbox 679 1135 770 1143; x_wconf 75' lang='grc'>..--.-</span> 
     </span>
    </p>
   </div>
   <div class='ocr_carea' id='block_1_3' title="bbox 104 1244 1287 1358">
    <p class='ocr_par' dir='ltr' id='par_1_3' title="bbox 104 1244 1287 1358">
     <span class='ocr_line' id='line_1_3' title="bbox 104 1244 1287 1358; baseline -0.001 -1"><span class='ocrx_word' id='word_1_4' title='bbox 104 1334 106 1339; x_wconf 70' lang='lat'><em>,</em></span> <span class='ocrx_word' id='word_1_5' title='bbox 147 1302 359 1358; x_wconf 88' lang='lat' dir='ltr'><strong>Praemittenda</strong></span> <span class='ocrx_word' id='word_1_6' title='bbox 380 1340 1216 1357; x_wconf 87' lang='grc'><strong>....................</strong></span> <span class='ocrx_word' id='word_1_7' title='bbox 1238 1244 1287 1356; x_wconf 56' lang='lat' dir='ltr'><strong>mh</strong></span> 
     </span>
    </p>
   </div>
   <div class='ocr_carea' id='block_1_4' title="bbox 62 1403 1288 3238">
    <p class='ocr_par' dir='ltr' id='par_1_4' title="bbox 62 1403 1288 3238">
     <span class='ocr_line' id='line_1_4' title="bbox 148 1403 1286 1474; baseline -0.003 -13"><span class='ocrx_word' id='word_1_8' title='bbox 148 1407 215 1474; x_wconf 81' lang='lat' dir='ltr'><strong>Oap.</strong></span> <span class='ocrx_word' id='word_1_9' title='bbox 266 1406 293 1461; x_wconf 83' lang='lat'><strong>1:</strong></span> <span class='ocrx_word' id='word_1_10' title='bbox 312 1404 420 1471; x_wconf 77' lang='lat' dir='ltr'><strong>Quibus</strong></span> <span class='ocrx_word' id='word_1_11' title='bbox 437 1404 507 1458; x_wconf 85' lang='lat' dir='ltr'><strong>locis</strong></span> <span class='ocrx_word' id='word_1_12' title='bbox 525 1403 660 1460; x_wconf 88' lang='lat' dir='ltr'><strong>infinitivi</strong></span> <span class='ocrx_word' id='word_1_13' title='bbox 677 1403 804 1458; x_wconf 82' lang='lat' dir='ltr'><strong>historici</strong></span> <span class='ocrx_word' id='word_1_14' title='bbox 822 1404 999 1472; x_wconf 79' lang='lat' dir='ltr'><strong>reperiantur</strong></span> <span class='ocrx_word' id='word_1_15' title='bbox 1035 1443 1216 1459; x_wconf 90' lang='grc'><strong>.....</strong></span> <span class='ocrx_word' id='word_1_16' title='bbox 1270 1406 1286 1458; x_wconf 78' lang='grc'><strong>7</strong></span> 
     </span>
     <span class='ocr_line' id='line_1_5' title="bbox 150 1505 1287 1589; baseline -0.001 -26"><span class='ocrx_word' id='word_1_17' title='bbox 150 1510 218 1577; x_wconf 83' lang='lat' dir='ltr'><strong>Cap.</strong></span> <span class='ocrx_word' id='word_1_18' title='bbox 249 1508 292 1589; x_wconf 80' lang='lat' dir='ltr'><strong>il:</strong></span> <span class='ocrx_word' id='word_1_19' title='bbox 311 1509 387 1574; x_wconf 77' lang='lat' dir='ltr'><strong>Quae</strong></span> <span class='ocrx_word' id='word_1_20' title='bbox 405 1506 494 1564; x_wconf 88' lang='lat' dir='ltr'><strong>verba</strong></span> <span class='ocrx_word' id='word_1_21' title='bbox 511 1507 540 1559; x_wconf 92' lang='lat' dir='ltr'><strong>in</strong></span> <span class='ocrx_word' id='word_1_22' title='bbox 557 1506 691 1564; x_wconf 88' lang='lat' dir='ltr'><strong>infinitivi</strong></span> <span class='ocrx_word' id='word_1_23' title='bbox 708 1505 834 1561; x_wconf 77' lang='lat' dir='ltr'><strong>historici</strong></span> <span class='ocrx_word' id='word_1_24' title='bbox 852 1506 940 1560; x_wconf 89' lang='lat' dir='ltr'><strong>forma</strong></span> <span class='ocrx_word' id='word_1_25' title='bbox 957 1506 1088 1574; x_wconf 85' lang='lat' dir='ltr'><strong>legantur</strong></span> <span class='ocrx_word' id='word_1_26' title='bbox 1123 1549 1130 1563; x_wconf 91' lang='lat'><em>.</em></span> <span class='ocrx_word' id='word_1_27' title='bbox 1167 1546 1174 1560; x_wconf 90' lang='lat'><strong>.</strong></span> <span class='ocrx_word' id='word_1_28' title='bbox 1210 1552 1216 1564; x_wconf 90' lang='lat'>.</span> <span class='ocrx_word' id='word_1_29' title='bbox 1270 1509 1287 1562; x_wconf 82' lang='lat'>9</span> 
     </span>
     <span class='ocr_line' id='line_1_6' title="bbox 148 1609 1218 1680; baseline -0.002 -14"><span class='ocrx_word' id='word_1_30' title='bbox 148 1612 215 1680; x_wconf 77' lang='lat' dir='ltr'><strong>Cap.</strong></span> <span class='ocrx_word' id='word_1_31' title='bbox 234 1611 289 1665; x_wconf 83' lang='lat' dir='ltr'><strong>lii:</strong></span> <span class='ocrx_word' id='word_1_32' title='bbox 310 1610 473 1666; x_wconf 83' lang='lat' dir='ltr'><strong>Sallustium</strong></span> <span class='ocrx_word' id='word_1_33' title='bbox 491 1609 645 1666; x_wconf 88' lang='lat' dir='ltr'><strong>infinitivos</strong></span> <span class='ocrx_word' id='word_1_34' title='bbox 668 1609 815 1665; x_wconf 89' lang='lat' dir='ltr'><strong>historicos</strong></span> <span class='ocrx_word' id='word_1_35' title='bbox 834 1610 947 1678; x_wconf 90' lang='lat' dir='ltr'><strong>saepius</strong></span> <span class='ocrx_word' id='word_1_36' title='bbox 966 1625 1116 1679; x_wconf 80' lang='lat' dir='ltr'><strong>usurpasse</strong></span> <span class='ocrx_word' id='word_1_37' title='bbox 1135 1625 1218 1679; x_wconf 84' lang='lat' dir='ltr'><strong>quam</strong></span> 
     </span>
     <span class='ocr_line' id='line_1_7' title="bbox 303 1713 1287 1768; baseline 0 -1"><span class='ocrx_word' id='word_1_38' title='bbox 303 1713 433 1768; x_wconf 86' lang='lat' dir='ltr'><strong>Tacitum</strong></span> <span class='ocrx_word' id='word_1_39' title='bbox 469 1752 1217 1768; x_wconf 87' lang='grc'><strong><em>..................</em></strong></span> <span class='ocrx_word' id='word_1_40' title='bbox 1252 1714 1287 1768; x_wconf 82' lang='lat'><strong>24</strong></span> 
     </span>
     <span class='ocr_line' id='line_1_8' title="bbox 100 1814 1217 1886; baseline -0.001 -15"><span class='ocrx_word' id='word_1_41' title='bbox 100 1825 102 1827; x_wconf 83' lang='grc'><strong>’</strong></span> <span class='ocrx_word' id='word_1_42' title='bbox 149 1817 215 1886; x_wconf 81' lang='lat' dir='ltr'><strong>Gap.</strong></span> <span class='ocrx_word' id='word_1_43' title='bbox 233 1815 288 1871; x_wconf 89' lang='lat' dir='ltr'><strong>IV:</strong></span> <span class='ocrx_word' id='word_1_44' title='bbox 307 1815 411 1880; x_wconf 88' lang='lat' dir='ltr'><strong>Verba,</strong></span> <span class='ocrx_word' id='word_1_45' title='bbox 433 1814 553 1883; x_wconf 91' lang='lat' dir='ltr'><strong>quaein</strong></span> <span class='ocrx_word' id='word_1_46' title='bbox 576 1814 710 1872; x_wconf 88' lang='lat' dir='ltr'><strong>infinitivi</strong></span> <span class='ocrx_word' id='word_1_47' title='bbox 732 1815 858 1870; x_wconf 82' lang='lat' dir='ltr'><strong>historici</strong></span> <span class='ocrx_word' id='word_1_48' title='bbox 875 1815 963 1869; x_wconf 86' lang='lat' dir='ltr'><strong>forma</strong></span> <span class='ocrx_word' id='word_1_49' title='bbox 981 1817 1120 1884; x_wconf 88' lang='lat' dir='ltr'><strong>leguntur,</strong></span> <span class='ocrx_word' id='word_1_50' title='bbox 1138 1832 1217 1871; x_wconf 88' lang='lat' dir='ltr'><strong>accu-</strong></span> 
     </span>
     <span class='ocr_line' id='line_1_9' title="bbox 305 1917 1288 1976; baseline 0 -4"><span class='ocrx_word' id='word_1_51' title='bbox 305 1918 392 1973; x_wconf 88' lang='lat' dir='ltr'><strong>ratius</strong></span> <span class='ocrx_word' id='word_1_52' title='bbox 411 1917 604 1973; x_wconf 84' lang='lat' dir='ltr'><strong>examinantur</strong></span> <span class='ocrx_word' id='word_1_53' title='bbox 645 1959 825 1973; x_wconf 91' lang='grc'><strong>.....</strong></span> <span class='ocrx_word' id='word_1_54' title='bbox 844 1971 846 1976; x_wconf 87' lang='grc'>,</span> <span class='ocrx_word' id='word_1_55' title='bbox 863 1958 1217 1974; x_wconf 90' lang='grc'><strong>.........</strong></span> <span class='ocrx_word' id='word_1_56' title='bbox 1252 1919 1288 1973; x_wconf 81' lang='lat'><strong>25</strong></span> 
     </span>
     <span class='ocr_line' id='line_1_10' title="bbox 332 2020 1287 2092; baseline 0.007 -21"><span class='ocrx_word' id='word_1_57' title='bbox 332 2068 333 2071; x_wconf 74' lang='grc'>,</span> <span class='ocrx_word' id='word_1_58' title='bbox 356 2020 383 2092; x_wconf 89' lang='lat' dir='ltr'><strong>a)</strong></span> <span class='ocrx_word' id='word_1_59' title='bbox 401 2021 509 2088; x_wconf 74' lang='lat' dir='ltr'><strong>Quibus</strong></span> <span class='ocrx_word' id='word_1_60' title='bbox 526 2021 623 2078; x_wconf 87' lang='lat' dir='ltr'><strong>verbis</strong></span> <span class='ocrx_word' id='word_1_61' title='bbox 641 2023 715 2076; x_wconf 89' lang='lat' dir='ltr'><strong>alter</strong></span> <span class='ocrx_word' id='word_1_62' title='bbox 732 2022 844 2090; x_wconf 86' lang='lat' dir='ltr'><strong>saepius</strong></span> <span class='ocrx_word' id='word_1_63' title='bbox 863 2037 931 2076; x_wconf 88' lang='lat' dir='ltr'><strong>usus</strong></span> <span class='ocrx_word' id='word_1_64' title='bbox 949 2022 986 2077; x_wconf 87' lang='lat' dir='ltr'><strong>sit</strong></span> <span class='ocrx_word' id='word_1_65' title='bbox 1004 2038 1088 2091; x_wconf 84' lang='lat' dir='ltr'><strong>quam</strong></span> <span class='ocrx_word' id='word_1_66' title='bbox 1099 2022 1172 2077; x_wconf 90' lang='lat' dir='ltr'><strong>alter</strong></span> <span class='ocrx_word' id='word_1_67' title='bbox 1209 2063 1215 2076; x_wconf 93' lang='lat'><strong>.</strong></span> <span class='ocrx_word' id='word_1_68' title='bbox 1252 2024 1287 2078; x_wconf 79' lang='lat'><strong>26</strong></span> 
     </span>
     <span class='ocr_line' id='line_1_11' title="bbox 356 2123 1218 2194; baseline 0.002 -15"><span class='ocrx_word' id='word_1_69' title='bbox 356 2123 386 2194; x_wconf 84' lang='lat' dir='ltr'><strong>b)</strong></span> <span class='ocrx_word' id='word_1_70' title='bbox 405 2125 481 2190; x_wconf 80' lang='lat' dir='ltr'><strong>Quae</strong></span> <span class='ocrx_word' id='word_1_71' title='bbox 499 2126 589 2182; x_wconf 87' lang='lat' dir='ltr'><strong>verba</strong></span> <span class='ocrx_word' id='word_1_72' title='bbox 607 2125 681 2192; x_wconf 84' lang='lat' dir='ltr'><strong>apud</strong></span> <span class='ocrx_word' id='word_1_73' title='bbox 705 2131 853 2192; x_wconf 91' lang='lat' dir='ltr'><strong>utrumque</strong></span> <span class='ocrx_word' id='word_1_74' title='bbox 872 2125 1036 2193; x_wconf 87' lang='lat' dir='ltr'><strong>scriptorem</strong></span> <span class='ocrx_word' id='word_1_75' title='bbox 1053 2125 1158 2194; x_wconf 86' lang='lat' dir='ltr'><strong>pariter</strong></span> <span class='ocrx_word' id='word_1_76' title='bbox 1176 2142 1218 2181; x_wconf 92' lang='lat' dir='ltr'><strong>re-</strong></span> 
     </span>
     <span class='ocr_line' id='line_1_12' title="bbox 458 2217 1287 2296; baseline 0 -14"><span class='ocrx_word' id='word_1_77' title='bbox 458 2217 605 2296; x_wconf 86' lang='lat' dir='ltr'><strong>periantur</strong></span> <span class='ocrx_word' id='word_1_78' title='bbox 648 2267 870 2283; x_wconf 89' lang='grc'><strong>......</strong></span> <span class='ocrx_word' id='word_1_79' title='bbox 872 2231 1287 2285; x_wconf 76' lang='grc' dir='ltr'><strong>,.....·...2Ἱ</strong></span> 
     </span>
     <span class='ocr_line' id='line_1_13' title="bbox 357 2329 1286 2400; baseline 0.003 -17"><span class='ocrx_word' id='word_1_80' title='bbox 357 2329 383 2400; x_wconf 88' lang='lat' dir='ltr'><strong>c)</strong></span> <span class='ocrx_word' id='word_1_81' title='bbox 402 2330 478 2395; x_wconf 77' lang='lat' dir='ltr'><strong>Quae</strong></span> <span class='ocrx_word' id='word_1_82' title='bbox 496 2330 584 2387; x_wconf 84' lang='lat' dir='ltr'><strong>verba</strong></span> <span class='ocrx_word' id='word_1_83' title='bbox 603 2329 639 2385; x_wconf 92' lang='lat' dir='ltr'><strong>ah</strong></span> <span class='ocrx_word' id='word_1_84' title='bbox 657 2331 792 2385; x_wconf 90' lang='lat' dir='ltr'><strong>alterutro</strong></span> <span class='ocrx_word' id='word_1_85' title='bbox 811 2329 938 2385; x_wconf 84' lang='lat' dir='ltr'><strong>adhibita</strong></span> <span class='ocrx_word' id='word_1_86' title='bbox 956 2331 1013 2386; x_wconf 89' lang='lat' dir='ltr'><strong>sint</strong></span> <span class='ocrx_word' id='word_1_87' title='bbox 1030 2332 1089 2385; x_wconf 87' lang='lat' dir='ltr'><strong>solo</strong></span> <span class='ocrx_word' id='word_1_88' title='bbox 1125 2372 1131 2385; x_wconf 93' lang='lat'><strong>.</strong></span> <span class='ocrx_word' id='word_1_89' title='bbox 1168 2372 1174 2385; x_wconf 93' lang='lat'><strong>.</strong></span> <span class='ocrx_word' id='word_1_90' title='bbox 1211 2373 1218 2386; x_wconf 91' lang='lat'><strong>.</strong></span> <span class='ocrx_word' id='word_1_91' title='bbox 1253 2333 1286 2386; x_wconf 69' lang='lat'><strong>21</strong></span> 
     </span>
     <span class='ocr_line' id='line_1_14' title="bbox 270 2431 1218 2502; baseline 0.005 -17"><span class='ocrx_word' id='word_1_92' title='bbox 270 2443 271 2448; x_wconf 74' lang='grc'>’</span> <span class='ocrx_word' id='word_1_93' title='bbox 356 2431 386 2502; x_wconf 83' lang='lat' dir='ltr'><strong>d)</strong></span> <span class='ocrx_word' id='word_1_94' title='bbox 404 2432 524 2497; x_wconf 77' lang='lat' dir='ltr'><strong>Quorum</strong></span> <span class='ocrx_word' id='word_1_95' title='bbox 541 2432 691 2489; x_wconf 88' lang='lat' dir='ltr'><strong>verborum</strong></span> <span class='ocrx_word' id='word_1_96' title='bbox 708 2433 841 2489; x_wconf 87' lang='lat' dir='ltr'><strong>infinitivi</strong></span> <span class='ocrx_word' id='word_1_97' title='bbox 858 2433 984 2488; x_wconf 87' lang='lat' dir='ltr'><strong>historici</strong></span> <span class='ocrx_word' id='word_1_98' title='bbox 1002 2433 1087 2490; x_wconf 84' lang='lat' dir='ltr'><strong>etiam</strong></span> <span class='ocrx_word' id='word_1_99' title='bbox 1105 2440 1218 2490; x_wconf 87' lang='lat' dir='ltr'><strong>exstent</strong></span> 
     </span>
     <span class='ocr_line' id='line_1_15' title="bbox 459 2535 1287 2602; baseline 0.005 -15"><span class='ocrx_word' id='word_1_100' title='bbox 459 2535 571 2601; x_wconf 84' lang='lat' dir='ltr'><strong>generis</strong></span> <span class='ocrx_word' id='word_1_101' title='bbox 588 2535 696 2602; x_wconf 86' lang='lat' dir='ltr'><strong>passivi</strong></span> <span class='ocrx_word' id='word_1_102' title='bbox 732 2573 1216 2592; x_wconf 86' lang='grc'><strong>............</strong></span> <span class='ocrx_word' id='word_1_103' title='bbox 1252 2539 1287 2591; x_wconf 78' lang='grc'><strong>27</strong></span> 
     </span>
     <span class='ocr_line' id='line_1_16' title="bbox 149 2636 1288 2706; baseline 0.004 -15"><span class='ocrx_word' id='word_1_104' title='bbox 149 2637 217 2706; x_wconf 81' lang='lat' dir='ltr'><strong>Gap.</strong></span> <span class='ocrx_word' id='word_1_105' title='bbox 247 2638 287 2693; x_wconf 91' lang='lat' dir='ltr'><strong>V:</strong></span> <span class='ocrx_word' id='word_1_106' title='bbox 307 2637 349 2693; x_wconf 92' lang='lat' dir='ltr'><strong>De</strong></span> <span class='ocrx_word' id='word_1_107' title='bbox 368 2638 507 2706; x_wconf 88' lang='lat' dir='ltr'><strong>positione</strong></span> <span class='ocrx_word' id='word_1_108' title='bbox 530 2636 730 2694; x_wconf 90' lang='lat' dir='ltr'><strong>infinitivorum</strong></span> <span class='ocrx_word' id='word_1_109' title='bbox 747 2636 941 2693; x_wconf 88' lang='lat' dir='ltr'><strong>historicorum</strong></span> <span class='ocrx_word' id='word_1_110' title='bbox 952 2679 1218 2694; x_wconf 89' lang='grc'><strong>.......</strong></span> <span class='ocrx_word' id='word_1_111' title='bbox 1253 2640 1288 2695; x_wconf 81' lang='lat'><strong>28</strong></span> 
     </span>
     <span class='ocr_line' id='line_1_17' title="bbox 148 2739 1286 2808; baseline 0.003 -15"><span class='ocrx_word' id='word_1_112' title='bbox 148 2739 214 2808; x_wconf 81' lang='lat' dir='ltr'><strong>Cap.</strong></span> <span class='ocrx_word' id='word_1_113' title='bbox 234 2740 289 2795; x_wconf 88' lang='lat' dir='ltr'><strong>Vl:</strong></span> <span class='ocrx_word' id='word_1_114' title='bbox 308 2741 350 2795; x_wconf 92' lang='lat' dir='ltr'><strong>De</strong></span> <span class='ocrx_word' id='word_1_115' title='bbox 362 2740 501 2798; x_wconf 89' lang='lat' dir='ltr'><strong>infinitivo</strong></span> <span class='ocrx_word' id='word_1_116' title='bbox 513 2739 647 2796; x_wconf 90' lang='lat' dir='ltr'><strong>historico</strong></span> <span class='ocrx_word' id='word_1_117' title='bbox 665 2740 695 2794; x_wconf 91' lang='lat' dir='ltr'><strong>in</strong></span> <span class='ocrx_word' id='word_1_118' title='bbox 714 2741 868 2795; x_wconf 84' lang='lat' dir='ltr'><strong>enuntiatis</strong></span> <span class='ocrx_word' id='word_1_119' title='bbox 887 2741 1059 2796; x_wconf 78' lang='lat' dir='ltr'><strong>secundariis</strong></span> <span class='ocrx_word' id='word_1_120' title='bbox 1078 2742 1216 2798; x_wconf 88' lang='lat' dir='ltr'><strong>collocato</strong></span> <span class='ocrx_word' id='word_1_121' title='bbox 1252 2743 1286 2797; x_wconf 87' lang='lat'><strong>36</strong></span> 
     </span>
     <span class='ocr_line' id='line_1_18' title="bbox 62 2829 1229 2924; baseline 0.004 -29"><span class='ocrx_word' id='word_1_122' title='bbox 62 2848 64 2854; x_wconf 88' lang='lat'>&#39;</span> <span class='ocrx_word' id='word_1_123' title='bbox 148 2841 214 2910; x_wconf 74' lang='lat' dir='ltr'><strong>Gap.</strong></span> <span class='ocrx_word' id='word_1_124' title='bbox 222 2843 293 2898; x_wconf 90' lang='lat' dir='ltr'>VII:</span> <span class='ocrx_word' id='word_1_125' title='bbox 306 2843 472 2924; x_wconf 89' lang='lat' dir='ltr'><strong>Disputatur</strong></span> <span class='ocrx_word' id='word_1_126' title='bbox 484 2845 520 2899; x_wconf 87' lang='lat' dir='ltr'><strong>de</strong></span> <span class='ocrx_word' id='word_1_127' title='bbox 532 2845 608 2912; x_wconf 91' lang='lat' dir='ltr'><strong>locis,</strong></span> <span class='ocrx_word' id='word_1_128' title='bbox 622 2843 724 2912; x_wconf 91' lang='lat' dir='ltr'><strong>quibus</strong></span> <span class='ocrx_word' id='word_1_129' title='bbox 736 2829 850 2913; x_wconf 88' lang='lat' dir='ltr'><strong>propter</strong></span> <span class='ocrx_word' id='word_1_130' title='bbox 862 2844 976 2899; x_wconf 89' lang='lat' dir='ltr'><strong>formam</strong></span> <span class='ocrx_word' id='word_1_131' title='bbox 990 2843 1072 2901; x_wconf 90' lang='lat' dir='ltr'><strong>verbi</strong></span> <span class='ocrx_word' id='word_1_132' title='bbox 1084 2844 1229 2900; x_wconf 75' lang='lat' dir='ltr'><strong>incertam·</strong></span> 
     </span>
     <span class='ocr_line' id='line_1_19' title="bbox 304 2946 1218 3016; baseline 0.003 -17"><span class='ocrx_word' id='word_1_133' title='bbox 304 2946 428 3001; x_wconf 84' lang='lat' dir='ltr'><strong>dubitari</strong></span> <span class='ocrx_word' id='word_1_134' title='bbox 445 2952 547 3016; x_wconf 86' lang='lat' dir='ltr'><strong>potest,</strong></span> <span class='ocrx_word' id='word_1_135' title='bbox 566 2952 660 3001; x_wconf 88' lang='lat' dir='ltr'><strong>utrum</strong></span> <span class='ocrx_word' id='word_1_136' title='bbox 678 2947 716 3002; x_wconf 91' lang='lat' dir='ltr'><strong>sit</strong></span> <span class='ocrx_word' id='word_1_137' title='bbox 733 2947 891 3004; x_wconf 84' lang='lat' dir='ltr'><strong>infinitivus</strong></span> <span class='ocrx_word' id='word_1_138' title='bbox 903 2947 1061 3015; x_wconf 87' lang='lat' dir='ltr'><strong>praesentis</strong></span> <span class='ocrx_word' id='word_1_139' title='bbox 1079 2964 1114 3002; x_wconf 85' lang='lat' dir='ltr'><strong>an</strong></span> <span class='ocrx_word' id='word_1_140' title='bbox 1126 2948 1218 3016; x_wconf 88' lang='lat' dir='ltr'><strong>plura·</strong></span> 
     </span>
     <span class='ocr_line' id='line_1_20' title="bbox 158 3049 1287 3121; baseline 0 -17"><span class='ocrx_word' id='word_1_141' title='bbox 158 3115 161 3121; x_wconf 27' lang='grc' dir='ltr'>Ι</span> <span class='ocrx_word' id='word_1_142' title='bbox 302 3049 338 3103; x_wconf 92' lang='lat' dir='ltr'><strong>lis</strong></span> <span class='ocrx_word' id='word_1_143' title='bbox 355 3049 475 3120; x_wconf 88' lang='lat' dir='ltr'><strong>perfecti</strong></span> <span class='ocrx_word' id='word_1_144' title='bbox 515 3089 1216 3108; x_wconf 86' lang='grc'><strong>.................</strong></span> <span class='ocrx_word' id='word_1_145' title='bbox 1252 3050 1287 3104; x_wconf 87' lang='grc'><strong>39</strong></span> 
     </span>
     <span class='ocr_line' id='line_1_21' title="bbox 149 3151 1286 3238; baseline 0.001 -32"><span class='ocrx_word' id='word_1_146' title='bbox 149 3151 215 3220; x_wconf 81' lang='lat' dir='ltr'><strong>Oap.</strong></span> <span class='ocrx_word' id='word_1_147' title='bbox 221 3151 309 3210; x_wconf 83' lang='lat' dir='ltr'>VIII:</span> <span class='ocrx_word' id='word_1_148' title='bbox 320 3153 363 3207; x_wconf 92' lang='lat' dir='ltr'><strong>De</strong></span> <span class='ocrx_word' id='word_1_149' title='bbox 380 3152 528 3210; x_wconf 83' lang='lat' dir='ltr'><strong>infinitivis</strong></span> <span class='ocrx_word' id='word_1_150' title='bbox 545 3151 685 3206; x_wconf 86' lang='lat' dir='ltr'><strong>historicis</strong></span> <span class='ocrx_word' id='word_1_151' title='bbox 697 3151 898 3238; x_wconf 84' lang='lat' dir='ltr'><strong>explicativum</strong></span> <span class='ocrx_word' id='word_1_152' title='bbox 911 3152 940 3206; x_wconf 92' lang='lat' dir='ltr'><strong>in</strong></span> <span class='ocrx_word' id='word_1_153' title='bbox 958 3152 1070 3206; x_wconf 87' lang='lat' dir='ltr'><strong>modum</strong></span> <span class='ocrx_word' id='word_1_154' title='bbox 1082 3152 1217 3209; x_wconf 87' lang='lat' dir='ltr'><strong>adhibitis</strong></span> <span class='ocrx_word' id='word_1_155' title='bbox 1251 3154 1286 3208; x_wconf 88' lang='lat'><strong>46</strong></span> 
     </span>
    </p>
   </div>
   <div class='ocr_carea' id='block_1_5' title="bbox 0 0 1444 4762">
    <p class='ocr_par' dir='ltr' id='par_1_5' title="bbox 0 0 1444 4762">
     <span class='ocr_line' id='line_1_22' title="bbox 0 0 1444 4762; baseline 0 0"><span class='ocrx_word' id='word_1_156' title='bbox 0 0 1444 4762; x_wconf 95' lang='lat' dir='ltr'><strong> </strong></span> 
     </span>
    </p>
   </div>
  </div>
 </body>
</html>
