2880 4762
748 213 790 276 54

199 384 411 450 miserans:
434 384 518 448 Ann.
542 381 614 464 XV,
640 382 680 446 16
702 401 734 445 v.
758 388 911 448 maestus.

199 506 366 572 multus:
389 503 464 588 Jug.
488 506 539 587 84,
565 506 581 568 1
606 522 637 566 v.
663 501 811 568 infestus.

202 642 384 711 nescius:
409 643 493 706 Ann.
508 640 565 724 IV,
581 641 639 705 54:
666 639 773 719 Atque
795 638 854 702 illa
871 636 1081 723 (Agrippina)
1097 637 1355 704 simulationum
1405 665 1409 671 ·

286 761 447 847 nescia,
476 781 549 825 cum
578 766 712 842 propter
735 757 962 840 discumberet,
991 778 1058 823 non
1080 757 1172 822 vultu
1196 766 1258 824 aut
1283 779 1354 827 ser-

287 903 382 948 mone
416 880 519 963 flecti,
557 879 667 943 nullos
705 876 866 959 attingere
908 877 1013 961 cibos,
1055 876 1160 944 donec
1198 877 1354 947 advertit

286 1002 439 1070 'liberius
462 1049 469 1062 .
493 1048 500 1062 .
525 1049 533 1064 .

201 1143 438 1225 opulentus:
468 1139 552 1202 Ann.
575 1136 631 1220 IV,
654 1137 711 1202 48:
741 1135 781 1200 Id
810 1136 913 1219 primo
942 1142 1124 1201 servatum:
1154 1155 1234 1201 mox
1258 1141 1351 1206 versi

287 1261 320 1325 in
343 1262 458 1325 luxum
481 1266 514 1324 et
536 1258 640 1340 raptis
669 1256 856 1339 opulenti
880 1255 1029 1321 omittere
1052 1255 1225 1338 stationes,
1247 1259 1350 1325 lasci·

287 1382 341 1445 via
364 1381 535 1464 epularum
558 1385 615 1443 aut
638 1398 750 1443 somno
775 1385 807 1443 et
829 1379 905 1442 vino
930 1375 1153 1458 procumbere.

201 1519 437 1601 perculsus:
461 1517 537 1599 Jug.
561 1516 612 1596 38,
636 1514 673 1579 5:
695 1515 816 1581 Milites
838 1517 976 1581 Romani
998 1515 1179 1600 perculsi
1200 1518 1351 1585 tumultu

287 1636 420 1701 insolito
450 1655 542 1699 arma
572 1655 690 1718 capere
719 1635 776 1699 alii
804 1636 863 1701 alii
888 1657 924 1702 se
947 1636 1085 1721 abdere,
1114 1655 1190 1720 pars
1213 1639 1351 1705 territos

289 1757 494 1838 confirmare,
530 1754 698 1838 trepidare
734 1757 884 1821 omnibus
918 1757 1010 1821 locis.
1045 1792 1086 1807 —
1120 1756 1195 1840 Jug.
1226 1758 1285 1841 82,
1311 1759 1348 1823 2:

288 1876 415 1953 Quibus
438 1876 538 1941 rebus
560 1895 662 1958 supra
684 1875 806 1938 bonum
830 1881 887 1939 aut
909 1875 1080 1939 honestum
1110 1876 1349 1958 perculsus,

287 2016 395 2079 neque
431 1997 596 2059 lacrumas
629 2002 743 2060 tenere
779 2013 885 2076 noque
908 1991 1071 2058 moderari
1099 1992 1262 2076 linguam,
1298 1997 1352 2062 vir

288 2118 441 2200 egregius
463 2117 496 2180 in
513 2116 588 2181 aliis
601 2116 727 2180 artibus
739 2114 834 2179 nimis
845 2115 991 2181 molliter
1008 2113 1250 2197 aegritudinem
1266 2118 1351 2199 pati.

203 2274 371 2336 pronus:
396 2254 479 2318 Hist.
503 2252 559 2333 IV,
586 2253 627 2317 83
650 2272 680 2314 v.
704 2257 871 2334 appetens.

202 2393 419 2506 Pf⁰¹3⁶f¹¹⁸²
481 2422 565 2488 urst.
594 2422 660 2505 111,
683 2423 740 2488 55:
769 2421 844 2506 lpse
874 2420 1055 2508 (vitonus)
1090 2423 1172 2488 nrm
1200 2444 1218 2490 e
1247 2425 1350 2493 scuto

202 2500 432 2559 remuttens:

288 2614 371 2677 luxu
387 2611 602 2678 remittens
621 2617 653 2677 et
671 2609 856 2677 diffidentia
868 2610 1235 2693 properusfestinare
1247 2614 1352 2679 comi-

285 2733 342 2815 tia,
366 2734 486 2815 quibus
503 2734 654 2797 consules
677 2733 709 2796 in
726 2732 843 2797 multos
861 2752 967 2797 annos
985 2732 1186 2814 destinabat,
1210 2731 1351 2801 foedera

287 2852 399 2934 sociis,
431 2851 562 2916 Latium
587 2850 732 2918 externis
760 2850 924 2934 dilargiri;
955 2851 1005 2917 his
1027 2853 1148 2918 tributa
1171 2851 1349 2939 dimittere,

286 2971 370 3036 alios
392 2970 655 3036 immunitatibus
683 2970 813 3053 iuvare;
844 2970 986 3053 denique
1009 2973 1101 3036 nulla
1122 2973 1156 3037 in
1179 2978 1351 3055 posterum

241 3116 250 3138 ·
287 3110 365 3154 cura
387 3091 536 3157 lacerare
559 3089 740 3173 imperium.

201 3226 443 3293 seditiosus:
468 3226 545 3308 Jug.
569 3226 620 3307 73,
644 3228 680 3290 5:
704 3225 883 3292 Praeterea
911 3225 1106 3292 seditiosi
1134 3227 1349 3309 magistratus

287 3350 421 3432 volgum
444 3348 630 3431 exagitare,
646 3347 815 3412 Metellum
832 3347 982 3413 omnibus
1003 3347 1211 3413 contionibus
1227 3348 1348 3431 capitis

288 3488 464 3549 arcessere,
488 3467 572 3535 Mari
594 3466 750 3531 virtutem
771 3466 805 3529 in
830 3465 938 3530 maius
961 3464 1138 3531 celebrare.

201 3606 353 3689 segnis:
378 3605 461 3671 Hist.
487 3605 546 3688 III,
571 3604 612 3668 73
634 3624 665 3667 v.
690 3609 815 3686 captus.

201 3741 403 3826 trepidus:
434 3738 518 3807 Hist'.
548 3741 581 3825 Ι,
606 3742 663 3806 81:
694 3739 759 3816 Qui
785 3740 944 3823 trepidi
972 3786 1113 3802 .....
1142 3761 1275 3807 manere
1303 3762 1346 3808 ac

289 3861 493 3946 deprehendi
526 3880 568 3925 an
602 3860 716 3943 fugere
750 3867 782 3927 et
820 3860 968 3943 dispergi
1001 3859 1216 3943 periculosius
1249 3858 1345 3943 foret,

288 3981 385 4046 modo
422 3981 639 4046 constantiam
674 3981 845 4062 simulare,
885 3978 982 4044 modo
1016 3977 1190 4045 formidine
1224 3977 1346 4064 detegi,

291 4101 388 4168 simul
403 4099 541 4166 Othonis
563 4101 687 4165 voltum
709 4100 843 4181 intueri,
866 4135 910 4145 —
930 4097 1130 4181 Ann.1,4s:
1153 4100 1197 4163 At
1218 4097 1346 4166 Romae

289 4269 296 4285 .
321 4268 328 4283 .
353 4268 360 4283 .
384 4267 397 4299 .,
416 4267 424 4281 .
446 4220 613 4303 trepida
636 4220 753 4285 civitas
775 4220 927 4286 incusare
949 4219 1117 4285 Tiberium
1141 4217 1231 4301 quod
1253 4263 1344 4285 ....
