2880 4762
218 1494 432 1622 infinitivum
453 1557 641 1624 historicum
656 1544 716 1626 seu
732 1561 926 1644 absolutum,
949 1582 1045 1647 quem
1062 1561 1184 1646 dieunt,
1200 1530 1266 1629 non

129 1695 202 1759 esse
237 1676 471 1760 explicandum
511 1698 572 1762 per
607 1680 739 1763 ellipsin
768 1717 810 1727 -
837 1680 936 1764 quam
965 1669 1039 1770 bum
1067 1672 1265 1758 Quintiliani

128 1771 354 1880 Priscianique
376 1804 445 1862 tum
468 1803 615 1863 veterum
638 1797 803 1890 rhetorum
818 1800 1168 1884 grammaticorumque
1192 1822 1264 1868 sen·

127 1897 266 1998 tentiam
287 1907 391 2001 usque
420 1917 464 1982 ad
492 1903 590 1982 buius
618 1898 744 1984 saeouli
773 1917 902 1985 initium
930 1908 1042 1986 omnes
1064 1919 1134 1986 iere
1158 1921 1264 1987 secuti

38 2063 43 2071 ·
127 2027 211 2118 sunt,
235 2036 292 2119 qui
314 2037 412 2103 rebus
434 2022 656 2121 grammatieis
671 2018 847 2127 studebant
869 2045 960 2104 -et
975 2037 1147 2122 Philippus
1163 2030 1262 2123 Wag-

125 2143 189 2221 ner⁴
204 2155 248 2241 (v.
272 2157 396 2241 Vergil.
420 2157 494 2223 edd.
524 2157 817 2243 Hem-Wagner
843 2159 905 2241 IV,
934 2134 1064 2224 excurs.
1093 2143 1205 2238 XXX)
1230 2168 1262 2227 et
1347 2137 1348 2140 Ἴ

125 2274 409 2365 AugustusMohr
432 2263 476 2364 (v.
492 2259 555 2344 der¹
573 2275 764 2344 historisohe
785 2276 939 2356 Infinitiv‚
961 2275 1150 2361 bleiningen
1168 2280 1260 2362 1821,

126 2381 157 2479 pss
175 2397 215 2460 19
238 2400 297 2478 ss.)
320 2403 409 2463 reete
432 2380 668 2463 intellexerunt
689 2397 850 2481 primique
873 2396 1076 2483 argumentis
1092 2398 1261 2463 oonfirma·

125 2522 252 2581 verunt.
298 2515 391 2593 Quae
413 2536 493 2581 vero
514 2515 557 2581 sit
570 2515 666 2581 istius
680 2506 834 2581 infinitivi
850 2516 951 2597 origo,
967 2515 1027 2598 vis,
1044 2535 1131 2599 usus,
1149 2502 1260 2600 quam·

127 2654 224 2716 quam
245 2633 451 2716 grammatici
473 2635 597 2716 aliique
620 2635 684 2699 viri
706 2633 808 2715 docti,
831 2632 959 2699 duobus
981 2633 1047 2699 illis
1069 2636 1260 2704 auotoribus

126 2755 186 2836 usi,
208 2772 314 2837 saepe
327 2753 568 2837 diligenterque
585 2753 826 2835 quaesiverunt,
841 2759 949 2818 tamen
963 2759 1088 2818 tantum
1103 2755 1206 2838 abest,
1224 2763 1261 2821 ut

126 2874 275 2956 quaestio
292 2871 334 2941 de
350 2874 412 2940 hae
428 2896 463 2942 re
480 2872 631 2940 absoluta
646 2850 697 2957 sitq
714 2881 749 2939 ut
763 2872 918 2938 inchoata
933 2873 992 2938 vix
1008 2893 1079 2940 esse
1095 2873 1258 2940 videatur.

125 2993 247 3059 Eorum
280 2995 382 3078 enim,
417 2992 473 3075 qui
502 2992 543 3058 de
573 2994 670 3059 rebus
698 2992 766 3059 illis
793 2971 1003 3076 quaestiones
1035 2992 1257 3077 instituerunt,

124 3134 219 3180 nemo
243 3114 350 3179 adhue
373 3112 453 3178 feeit
474 3112 609 3192 iudicia,
626 3133 712 3195 quae
728 3112 830 3179 oeteri
845 3131 976 3196 prorsus
992 3112 1257 3196 comprobarent:

125 3233 343 3316 opinionibus,
368 3251 449 3315 quas
471 3231 531 3296 alii
554 3225 800 3315 proposuerant,
823 3232 943 3316 partim
966 3229 1116 3298 refutatis
1140 3233 1258 3316 partim

124 3353 284 3436 neglectis
318 3358 411 3417 suam
446 3351 585 3435 quisque
616 3351 753 3435 protulit
795 3351 999 3418 sententiam
1056 3349 1148 3427 Quia*
1171 3352 1258 3418 enim

123 3492 230 3555 neque
253 3471 342 3555 apud
364 3479 494 3538 veteres
521 3472 612 3556 ipsos
641 3471 833 3555 explanatio
862 3470 960 3536 buius
982 3470 1137 3536 infinitivi
1166 3469 1257 3539 inve-

122 3591 211 3656 nitur
233 3611 342 3678 neque
353 3590 447 3675 apud
469 3612 529 3658 nos
544 3591 701 3676 analogia
723 3592 793 3657 ulla
808 3587 927 3672 exstat,
944 3609 1066 3672 omnes,
1084 3589 1139 3672 qui
1156 3600 1255 3658 mate-

122 3711 205 3777 riam
226 3712 322 3778 istam
345 3718 488 3777 traotare
510 3705 723 3794 conabantur,
746 3711 936 3795 priusquam
958 3709 1128 3788 adipsum
1151 3708 1256 3776 inlini·

121 3828 180 3894 tivi
209 3828 358 3896 historioi
386 3849 478 3896 usum
508 3829 704 3898 aooedsrent
732 3827 1034 3913 contemplandum,
1062 3827 1192 3911 pauois,
1222 3834 1255 3894 et

121 3948 210 4015 unde
232 3949 261 4015 is
283 3957 373 4016 ortus
395 3970 467 4017 esse
495 3950 664 4017 videretur
689 3957 722 4016 et
744 3970 841 4033 quam
863 3948 929 4012 vim
951 3946 1097 4030 haberet,
1120 3945 1183 4012 sibi
1205 3945 1254 4011 di-

121 4068 263 4135 cendum
290 4089 364 4135 esse
398 4069 651 4135 arbitrabantur.
696 4069 740 4134 At
769 4087 843 4132 oum
865 4066 1045 4132 infinitivus
1068 4085 1143 4130 num
1167 4075 1254 4132 esset

120 4188 360 4255 substantivum
383 4209 425 4254 an
454 4189 591 4255 verbum
619 4209 661 4252 an
691 4186 884 4253 adverbium
909 4187 995 4252 inter
1022 4184 1252 4268 grammaticos
