2880 4762
699 218 739 280 41

238 406 408 451 manorum
438 387 578 454 catervis
613 389 704 454 leves
723 388 903 474 cohortes,
935 409 1007 454 cum
1044 389 1166 456 Caesar
1189 392 1290 457 adve-

239 514 311 571 ctus
345 506 388 570 ad
422 509 663 574 vicensimanos
697 528 778 574 voce
812 529 933 591 magna
960 509 1021 574 hoc
1049 509 1290 596 illudatempus

239 627 467 693 obliterandae
490 627 659 695 seditionis
682 628 886 694 clamitabat:
910 636 1114 712 pergerent.
1140 633 1174 695 .“

152 754 185 812 et
207 747 291 812 Hist.
315 746 374 826 III,
398 748 418 811 6
442 746 495 822 (cf.
521 768 591 830 cap.
615 748 677 811 VI:
700 748 790 815 unde
816 780 850 803 =
878 754 911 814 et
933 748 1040 824 inde):

280 866 393 945 „idem
415 868 550 934 secretis
579 866 669 951 apud
695 868 859 933 Neronem
888 869 1093 935 sermonibus
1122 870 1291 936 ferebatur

239 986 432 1052 Corbulonis
455 987 593 1053 virtutes
616 989 820 1068 criminatus3
844 987 932 1053 unde
955 987 1071 1053 infami
1094 990 1203 1073 gratia
1224 991 1289 1073 pri·

165 1124 167 1126 ·
238 1128 326 1171 mum
348 1107 449 1190 pilum
473 1107 594 1190 adepto
617 1110 707 1174 laeta
729 1108 773 1172 ad
796 1128 952 1190 praesens
975 1110 1061 1176 male
1089 1115 1184 1192 parta
1211 1130 1289 1175 mox

239 1227 273 1290 in
296 1227 473 1309 perniciem
497 1234 668 1294 vertere.
692 1228 752 1294 sed
773 1228 902 1293 Primus
931 1249 970 1293 ac
992 1229 1099 1294 Varus
1128 1235 1291 1313 occupata

239 1345 394 1428 Aquileia
421 1347 574 1429 proxima
602 1369 752 1431 quaeque
777 1348 796 1389 *
821 1348 840 1389 *
869 1356 902 1414 et
930 1347 1091 1432 Opitergii
1120 1355 1152 1415 et
1185 1349 1290 1415 Altini

239 1467 336 1531 laetis
359 1467 477 1533 animis
500 1467 736 1552 accipiuntur.“

239 1620 338 1686 Hisce
361 1622 501 1705 aliisque
524 1623 605 1687 locis
627 1622 761 1688 arbitrio
786 1623 866 1702 eius,
890 1623 947 1705 qui
970 1623 1067 1705 legit,
1091 1622 1135 1686 ad
1163 1629 1291 1705 tempus

153 1741 407 1824 permittendum
430 1750 490 1821 est,
514 1749 621 1807 utrum
637 1742 758 1808 formas
773 1744 853 1807 istas
876 1743 1290 1821 incur1·ere,vertere

152 1869 183 1927 et
205 1882 290 1944 quae
319 1863 406 1927 aliae
435 1862 517 1926 alibi
545 1862 756 1928 inveniuntur
784 1863 949 1929 existimet
976 1862 1085 1927 finitas
1114 1882 1156 1925 an
1180 1861 1290 1926 infini-

151 1982 237 2047 tivos
259 1981 439 2046 historicos.

238 2136 301 2200 Hic
323 2136 483 2218 quispiam
513 2135 704 2215 contendat,
735 2136 879 2201 futurum
908 2136 1025 2216 fuisse,
1059 2146 1095 2204 ut
1128 2159 1148 2203 a
1181 2159 1289 2203 rerum

152 2257 319 2339 scriptore,
348 2256 376 2320 si
397 2257 486 2339 ipsas
509 2255 630 2321 formas
652 2257 801 2340 intellegi
828 2259 986 2323 voluisset
1009 2258 1127 2337 finitas,
1152 2258 1289 2324 eaedem

151 2377 280 2458 plenae,
304 2382 463 2441 exeuntes
487 2376 520 2438 in
542 2384 692 2456 -erunt,
722 2377 953 2442 scriberentur.
1005 2379 1066 2443 Oui
1095 2378 1178 2445 haec
1208 2379 1296 2445 obii,

153 2496 289 2560 ciantur.
335 2493 416 2559 (lum
438 2493 587 2558 Sallustii
608 2501 677 2559 tum
705 2496 813 2560 Taciti
840 2489 1043 2580 temporibus
1071 2499 1175 2563 —id
1202 2498 1289 2584 quod

145 2635 197 2680 -ex
220 2614 300 2679 Sall.
321 2614 395 2679 hist.
425 2613 540 2696 fragm.
570 2615 626 2679 lib.
655 2615 717 2679 IV:
747 2635 818 2699 cap.
850 2618 878 2696 l,
909 2617 947 2680 fr.
977 2620 1019 2682 20
1048 2617 1288 2698 demonstrabo,

152 2735 209 2798 ubi
232 2734 265 2798 in
289 2735 428 2817 epistola
450 2734 648 2801 Mithridatis
669 2736 757 2820 regis
786 2736 829 2801 ad
851 2737 1009 2802 Arsacem
1037 2757 1148 2820 regem
1176 2740 1288 2804 nullae
1371 2799 1373 2803 ,

152 2854 222 2920 fere
251 2855 337 2919 aliae
367 2862 497 2920 exstant
525 2854 651 2921 formae
682 2857 745 2921 nisi
774 2875 860 2938 quae
888 2859 1106 2924 terminantur
1133 2858 1166 2922 in
1189 2860 1289 2924 —tre

150 3008 193 3019 —-
215 2975 249 3038 in
272 2975 464 3057 quotidiano
487 2996 637 3042 sermone
661 2976 786 3063 formae
814 2978 932 3042 tertiae
961 2996 1122 3060 personae
1151 2978 1289 3061 pluralis

151 3071 322 3159 indicativi
356 3094 495 3178 perfecti
523 3096 622 3160 activi
653 3101 823 3177 correptae
853 3097 1039 3162 usitatiores
1068 3102 1161 3162 erant
1190 3117 1288 3180 quam

151 3187 282 3297 plenae,
306 3235 371 3297 qua
393 3215 434 3280 de
457 3235 557 3280 causa
575 3236 682 3281 rerum
697 3215 873 3298 scriptores
888 3236 1018 3299 quoque
1034 3216 1100 3281 illis
1115 3215 1162 3280 ita
1177 3234 1288 3282 assue-
1373 3205 1376 3210 ’

151 3342 277 3413 verant,
301 3341 336 3398 ut
358 3321 407 3400 eis
422 3355 481 3417 per
496 3336 619 3421 scripta
633 3355 693 3400 sua
710 3335 970 3418 frequentissime
986 3342 1164 3401 uterentur.
1199 3334 1288 3411 Quas

150 3475 215 3544 non
237 3454 346 3534 modo,
364 3454 442 3519 dum
457 3455 718 3537 pronuntiantur,
742 3455 915 3522 audientes
938 3456 1060 3521 formas
1082 3455 1190 3520 finitas
1206 3476 1287 3521 sono

150 3593 208 3638 seu
237 3580 376 3639 accentu
410 3574 566 3639 facillime
603 3577 865 3658 cognoscebant,
900 3575 958 3641 sed
997 3576 1095 3642 etiam
1128 3577 1287 3659 legentes,

149 3702 256 3758 utrum
292 3693 445 3759 infinitivi
478 3694 626 3760 historici
659 3715 701 3759 an
721 3696 862 3762 turmae
895 3696 1007 3761 finitae
1042 3696 1286 3779 intellegendae

149 3821 274 3899 esseut,
304 3814 424 3896 optime
453 3815 618 3896 sciebant,
642 3807 739 3898 quam
763 3818 803 3881 ob
827 3836 894 3881 rem
924 3815 1061 3898 scriptor
1089 3815 1188 3880 etiam
1216 3816 1285 3879 vul-

147 3953 245 4016 gares
267 3933 302 3997 id
325 3939 374 3998 est
403 3940 571 4017 correptas
599 3934 721 4001 formas
750 3935 908 4001 adhibere
938 3937 1080 4015 solebat,
1111 3934 1239 4001 etiamsi
1267 3955 1288 3999 a

148 4053 339 4136 legentibus
372 4052 525 4118 infinitivi
559 4055 704 4121 historici
738 4055 854 4121 haberi
888 4062 1050 4138 poterant.
1106 4053 1199 4131 Quae
1234 4073 1287 4120 res

149 4173 293 4238 dilucide
316 4186 455 4255 apparet
483 4173 548 4237 iam
578 4195 621 4241 ex
649 4151 745 4256 locis,
776 4175 894 4258 quibus
922 4196 975 4243 res
1004 4182 1179 4241 narrantur
1206 4173 1286 4237 iam-

150 4291 273 4357 dudum
296 4300 421 4376 gestae,
444 4292 549 4371 sicuti,
573 4301 609 4359 ut
632 4296 793 4377 exemplis
816 4303 898 4375 utar,
923 4297 1008 4361 Anu.
1039 4295 1113 4374 ΧΠ,
1137 4294 1193 4358 38:
