2880 4762
691 204 735 269 50

276 381 341 461 „At
376 386 490 445 contra
523 400 599 447 reus
633 379 715 445 nihil
749 379 890 445 infracto
926 379 1034 444 animo
1064 380 1232 471 obversus·
1254 378 1289 443 in

233 503 335 568 tilium
366 506 500 584 quatere
528 500 647 578 vinela,
671 520 790 566 vocare
812 501 934 571 ultores
957 500 1046 582 deos,
1070 508 1106 567 ut
1128 497 1192 563 sibi
1216 477 1290 581 qui-

234 623 307 689 dem
329 621 504 688 redderent
527 621 662 686 exilium
678 667 684 681 .
699 648 705 681 ;
719 624 749 702 ;“

146 746 204 810 ubi
225 742 378 808 infinitivi
401 739 571 824 quatere
596 748 629 806 et
651 761 800 807 vocare
828 741 877 807 rei
899 741 1041 806 animum
1066 744 1214 826 profecto
1240 745 1291 809 in·

146 866 286 930 fractum
309 862 440 927 minime
464 860 565 926 fuisse
589 861 776 927 ostendunt.

234 985 305 1050 Nec
333 1000 427 1047 secus
456 987 556 1063 atque
584 981 635 1045 his
661 980 743 1045 locis
771 999 824 1046 res
853 1000 888 1046 se
918 980 1018 1047 habet
1047 981 1123 1066 Jug.
1155 985 1227 1062 100,
1253 985 1291 1048 3:

147 1106 241 1188 quasi
265 1104 355 1167 nullo
378 1102 535 1185 inposito,
564 1101 649 1164 Ann.
678 1101 759 1179 XII,
785 1101 840 1166 15:
865 1101 983 1184 spretis
1005 1104 1169 1185 utrisque,
1193 1104 1292 1184 XIII,

149 1226 204 1290 13:
228 1223 332 1289 versis
355 1222 488 1287 artibus.
535 1220 641 1297 Quam
669 1241 737 1286 rem
766 1229 863 1286 nemo
891 1222 1077 1301 mirabitur,
1102 1224 1158 1305 qui
1180 1244 1293 1289 recor-

148 1346 244 1410 datus
269 1344 340 1422 erit,
364 1343 527 1407 Romanos
549 1340 831 1423 breviloquentiae
856 1361 957 1406 cansa
979 1342 1133 1407 ablativis
1156 1344 1292 1408 absolu-

146 1466 188 1531 tis
210 1466 257 1530 ita
279 1463 470 1542 indulsisse,
500 1467 536 1524 ut
564 1481 630 1524 non
660 1459 755 1525 modo
785 1461 956 1527 enuntiata
984 1461 1196 1541 secundaria,
1227 1464 1293 1530 sed

148 1587 246 1652 etiam
276 1581 455 1648 sententias
490 1580 690 1663 principales
731 1602 748 1646 e
783 1602 905 1664 genere
939 1582 1047 1646 activo
1076 1589 1218 1649 mutatas
1254 1584 1292 1648 in

147 1705 321 1789 passivum,
346 1703 393 1767 eis
414 1700 601 1766 redderent.

233 1824 367 1889 Praeter
397 1822 456 1886 hos
485 1822 589 1899 locos,
621 1820 739 1902 quibus
771 1822 924 1886 infinitivi
958 1821 1104 1887 historici
1136 1820 1292 1888 enuntia·

146 1952 215 2010 tum
238 1942 421 2025 proximum
451 1941 636 2006 accuratius
666 1941 835 2023 explicant
863 1942 917 2006 vel
941 1942 1162 2024 comprobant,
1187 1941 1293 2006 etiam

147 2083 270 2147 paucos
292 2062 454 2141 invenies,
479 2062 512 2125 in
536 2061 654 2144 quibus
677 2068 752 2126 ante
775 2061 961 2125 huiusmodi
983 2060 1162 2126 infinitivos
1185 2081 1293 2127 enun-

146 2184 262 2248 tiatum
286 2181 463 2264 quoddam,
482 2182 617 2247 verbum
639 2181 766 2245 finitum
783 2182 969 2262 continens,
993 2181 1040 2245 ita
1061 2180 1204 2263 positum
1227 2189 1293 2265 est,

147 2309 182 2368 ut
197 2303 350 2367 infinitivi
364 2303 428 2385 ipsi
442 2323 507 2366 non
522 2300 566 2364 ad
580 2301 775 2383 proximam,
790 2301 849 2366 sed
865 2300 909 2365 ad
931 2303 1068 2366 alteram
1084 2300 1289 2366 anteceden-

146 2426 212 2489 tem
236 2421 402 2487 referendi
426 2422 489 2486 sint
512 2421 717 2486 sententiam.
751 2418 877 2496 Quibus
894 2441 937 2487 ex
959 2421 1041 2485 locis
1065 2428 1115 2486 est
1129 2421 1207 2504 Agr.
1226 2422 1288 2486 19:

279 2541 451 2620 „Ceterum
487 2541 666 2605 animorum
702 2541 890 2623 provinciae
926 2525 1085 2623 prudens,
1121 2541 1290 2624 simulque

233 2661 348 2727 doetus
370 2682 429 2744 per
451 2661 562 2726 aliena
591 2661 816 2743 experimenta
840 2681 953 2743 parum
976 2661 1090 2743 profici
1112 2661 1226 2739 armis,
1257 2664 1291 2728 si

231 2782 372 2846 iniuriae
396 2762 620 2863 sequerentur,
645 2798 790 2844 causas
813 2781 1014 2845 bellorum
1042 2781 1192 2846 statuit
1216 2801 1289 2846 ex-

232 2900 380 2965 cidere.
404 2920 424 2963 a
447 2920 482 2966 se
505 2900 637 2982 suisque
661 2919 752 2965 orsus
775 2902 913 2983 primum
937 2900 1067 2965 domum
1084 2921 1176 2966 suam
1193 2920 1289 2966 coer-

232 3021 307 3100 cuit,
332 3019 420 3103 quod
442 3021 607 3102 plerisque
630 3019 720 3083 haud
741 3020 848 3085 minus
863 3020 1002 3084 arduum
1025 3028 1074 3086 est
1090 3041 1187 3103 quam
1209 3041 1289 3104 pro·

229 3141 371 3205 vinciam
399 3160 523 3222 regere.
555 3136 636 3205 nihil
665 3162 723 3224 per
751 3141 887 3206 libertos
922 3160 1099 3223 servosque
1129 3139 1288 3224 publicae

230 3263 294 3340 rei,
330 3281 394 3326 non
428 3259 547 3326 studiis
582 3261 718 3344 privatis
753 3282 814 3327 nec
843 3281 886 3327 ex
916 3260 1196 3325 commendatione
1226 3267 1288 3326 aut

230 3381 384 3463 precibus
414 3381 634 3446 centurionem
664 3382 824 3447 militesve
855 3381 1004 3463 ascire,
1034 3380 1093 3445 sed
1123 3380 1286 3463 optimum

230 3520 392 3583 quemque
415 3500 605 3566 fidissimum
629 3507 787 3583 putare.
812 3501 920 3566 omnia
941 3502 1062 3579 scire,
1086 3520 1148 3563 non
1173 3501 1287 3565 omnia

228 3621 410 3703 exsequi.
435 3622 545 3703 parvis
574 3621 719 3704 peccatis
742 3621 890 3698 veniam,
919 3620 1048 3703 magnis
1071 3621 1285 3686 severitatem

230 3739 498 3819 commodare,
523 3761 583 3805 nec
606 3761 714 3823 poena
737 3761 874 3824 semper,
891 3740 951 3805 sed
966 3741 1097 3823 saepius
1112 3739 1285 3822 paeniten-

135 3867 138 3873 '
230 3861 276 3925 tia
301 3867 473 3927 contentus
496 3880 600 3939 esse,
625 3860 742 3926 officiis
766 3867 798 3925 et
814 3859 1150 3925 administrationibus
1174 3859 1286 3942 potius

228 4001 293 4044 non
328 3989 520 4063 peccaturos
549 4001 821 4064 praeponere,
851 4000 949 4062 quam
980 3981 1170 4045 damnare
1207 3999 1285 4044 cum

227 4109 428 4183 peccassent.
460 4102 613 4167 frumenti
641 4108 674 4167 et
701 4101 894 4164 tributorum
924 4101 1129 4166 exactionem
1159 4119 1284 4181 aequa·

228 4219 320 4286 litate
344 4241 512 4286 munerum
535 4221 714 4299 mollire,
739 4220 936 4285 circumcisis
953 4240 1038 4303 quae
1054 4221 1086 4283 in
1108 4228 1285 4301 quaestum
