2880 4762
727 219 895 319 rs,

179 385 314 452 finitivis
336 387 499 455 historicis
521 389 896 471 imperabatverbum
908 388 1034 454 finitum
1044 395 1191 472 poneret,
1215 410 1317 474 supra

179 506 245 571 iarn
274 509 480 593 explanavi),
516 508 596 574 Cat.v
615 509 673 592 23,
703 510 723 572 2
758 507 918 574 infinitivo
948 508 1101 574 historico
1130 510 1317 576 reticere

180 631 364 710 exemplum
387 628 523 694 affertur
547 629 585 706 Q.
605 629 754 694 Curionis
775 628 946 708 vanitatis,
976 618 1188 695 occultare
1212 629 1317 695 auda·

180 749 267 830 ciae3
296 748 376 813 ibid.
405 751 462 829 24,
492 751 511 812 2
546 749 670 815 verbis:
703 750 755 829 „in
791 747 861 814 dies
885 749 983 831 plura
1010 750 1188 831 agitare,
1224 771 1317 815 arma

181 888 343 951 parare,
367 870 542 953 pecuniam
562 875 750 952 portare“
769 869 907 950 scriptor
930 867 1035 947 docet,
1060 888 1096 935 se
1119 876 1208 936 recte
1231 871 1317 936 iudi-

180 1009 281 1069 casse,
306 1009 380 1054 cum
405 989 540 1072 diceret,
564 991 726 1057 Catilinae
743 990 888 1058 furorem
903 991 1035 1055 minime
1051 989 1210 1055 minutum
1227 1011 1316 1071 esse;

178 1108 259 1172 ibid.
277 1109 328 1190 25,
352 1109 373 1173 5
396 1128 543 1191 „posse
567 1132 680 1178 versus
703 1111 829 1191 facere,
851 1111 960 1176 iocum
982 1129 1131 1188 movere,
1166 1131 1318 1179 sermone

180 1228 248 1292 uti“
264 1227 445 1294 infinitivus
468 1229 644 1297 historicus
661 1231 842 1296 clarissime
867 1229 1077 1308 demonstrat,
1099 1228 1317 1322 Semproniae

182 1349 349 1435 ingenium
371 1372 406 1417 re
430 1373 509 1418 vcra
532 1373 596 1416 non
618 1351 719 1417 fuisse
743 1349 932 1414 absurdum.

265 1470 390 1537 Eodem
425 1472 522 1537 modo
558 1471 734 1536 Sallustius
769 1471 866 1536 etiam
901 1471 934 1534 in
976 1468 1112 1551 apodosi
1146 1467 1318 1536 infinitivis

113 1577 116 1584 ’
178 1592 280 1654 utitur
302 1590 480 1671 historicis,
504 1599 539 1657 ut
562 1591 757 1657 sententiam
780 1590 877 1655 totius
911 1589 1087 1668 enuntiati,
1110 1589 1199 1672 quod
1222 1611 1317 1674 prae-

179 1709 277 1789 cedit,
302 1712 439 1793 singulis
463 1712 652 1794 comprobet
675 1711 835 1793 exemplis
859 1709 929 1775 Cat.
951 1711 980 1789 6,
1004 1712 1040 1793 4,
1065 1711 1116 1790 31,
1141 1711 1177 1790 2,
1200 1710 1253 1792 39,
1279 1711 1317 1792 2,

178 1830 255 1913 Jug.
280 1833 309 1910 d,
336 1833 368 1910 l;
395 1832 445 1911 11,
468 1834 503 1915 8,
527 1833 578 1912 20,
601 1833 637 1914 8,
660 1831 712 1911 38,
736 1833 772 1914 3,
796 1830 847 1910 39,
874 1831 906 1908 1,
931 1830 982 1908 41,
1006 1831 1042 1910 5,
1065 1829 1117 1909 43,
1140 1830 1254 1912 3,44,
1278 1832 1316 1910 5,

177 1951 229 2032 50,
252 1953 289 2029 4,
318 1951 371 2029 51,
401 1953 430 2014 1.
455 1953 492 2029 5;
521 1952 573 2034 53,
599 1953 633 2034 7,
662 1951 714 2034 55,
745 1953 774 2015 2.
805 1953 840 2026 4,
870 1951 922 2029 58,
952 1951 988 2033 2,
1018 1950 1071 2028 00,
1095 1951 1122 2012 1.
1147 1951 1183 2029 2,
1208 1952 1261 2029 04,
1286 1952 1317 2017 2.

177 2073 213 2153 5,
239 2072 289 2150 72,
313 2073 348 2153 2,
367 2074 416 2151 74,
442 2073 475 2154 1,
499 2073 551 2152 87,
577 2073 611 2154 1,
634 2072 686 2152 92,
710 2072 730 2134 2
752 2070 809 2156 (de
832 2069 1104 2136 trahebantur
1121 2069 1187 2134 iarn
1211 2069 1316 2153 dixi);

177 2191 234 2270 94,
258 2195 294 2274 4,
322 2193 374 2275 97,
398 2194 433 2276 5,
465 2194 516 2274 93,
542 2195 577 2274 1,
609 2194 679 2275 199,
707 2194 738 2269 1,
765 2192 836 2273 101,
863 2191 917 2272 11,
943 2191 1014 2272 105,
1037 2192 1074 2274 4,
1100 2191 1171 2268 106,
1195 2191 1225 2255 6.»

263 2311 388 2377 Eodem
423 2313 519 2378 modo
554 2333 593 2377 ac
628 2311 817 2389 Sallustius,
848 2310 950 2375 etiam.
973 2310 1109 2376 Tacitus
1136 2310 1319 2378 infinitivos

176 2431 347 2497 historicos
369 2433 521 2498 adhibuit
544 2433 588 2496 ad
612 2430 857 2514 explanandam
880 2431 1087 2510 sententiam,
1111 2451 1196 2513 quae
1220 2451 1316 2513 prae·

178 2551 274 2634 cedit,
298 2552 486 2635 primariam
509 2553 587 2636 Agr.
612 2554 647 2617 5:

307 2673 398 2752 „Nec
421 2673 580 2756 Agricola
608 2673 761 2750 licenter,
790 2692 880 2737 more
908 2671 1064 2736 iuvenum
1088 2671 1143 2753 qui
1165 2669 1318 2735 militiam

262 2793 296 2857 in
324 2793 494 2857 lasciviam
523 2799 670 2870 vertunt,
699 2811 806 2873 neque
834 2791 979 2874 segniter
1006 2789 1050 2854 ad
1072 2790 1259 2872 voluptates
1282 2799 1317 2857 et

264 2921 461 2978 commeatus
484 2913 614 2977 titulum
637 2896 821 2977 tribunatus
851 2918 884 2977 et
906 2911 1067 2976 inscitiam
1090 2909 1230 2975 rettulit:
1255 2909 1316 2976 sed

262 3054 434 3099 noscere
459 3033 671 3116 prouinciam,
694 3033 808 3097 nosci
832 3031 1002 3110 exercitui,
1027 3029 1190 3094 discere
1213 3049 1234 3092 a
1258 3049 1314 3112 pe-

260 3153 345 3232 ritis,
378 3153 496 3235 sequi
527 3153 680 3235 optimos,
705 3152 786 3217 nihil
814 3151 1010 3233 adpetere
1034 3151 1067 3214 in
1091 3149 1314 3229 iactationem,

259 3274 340 3337 nihil
364 3274 406 3338 ob
428 3271 637 3338 formidinem
660 3290 854 3337 recusare
878 3271 1039 3353 simulque
1070 3277 1101 3335 et
1129 3269 1249 3335 anxius
1279 3277 1313 3337 et

258 3392 403 3458 intentus
426 3393 592 3474 agere;⁸‘

173 3511 255 3576 Hist.
278 3512 320 3590 II,
343 3514 400 3577 56:
497 3553 500 3560 ·

302 3631 476 3711 „Ceterum
504 3633 602 3697 Italia
631 3634 766 3716 gravius
794 3639 894 3714 atque
923 3629 1065 3695 atrocius
1094 3650 1192 3713 quam
1221 3629 1309 3695 bello

258 3752 499 3817 adflictabatur.
531 3752 672 3836 dispersi
701 3773 760 3836 per
788 3751 967 3834 municipia
990 3758 1021 3816 et
1044 3751 1192 3815 colonias
1207 3749 1310 3815 Vitel-

258 3873 338 3936 liani
367 3873 566 3957 spoliare,
596 3893 759 3955 rapere,
789 3872 820 3935 vi
847 3878 878 3937 et
902 3872 1021 3954 stupris
1044 3872 1271 3953 polluere;“

168 3992 254 4058 Ann.
277 3994 303 4075 1,
326 3996 363 4057 4;

299 4111 423 4193 „Igitur
457 4132 551 4176 verso
587 4110 729 4175 civitatis
758 4117 843 4175 statu
872 4109 952 4172 nihil
982 4129 1118 4191 usquam
1147 4109 1246 4193 prisci
1276 4119 1310 4176 et

256 4231 374 4314 integri
397 4231 511 4295 moris:
535 4251 647 4297 omnes
677 4236 778 4295 exuta
807 4231 1007 4313 aequalitate
1037 4232 1125 4296 iussa
1148 4231 1309 4314 principis
