<?xml version="1.0" encoding="UTF-8"?>
<!DOCTYPE html PUBLIC "-//W3C//DTD XHTML 1.0 Transitional//EN"
    "http://www.w3.org/TR/xhtml1/DTD/xhtml1-transitional.dtd">
<html xmlns="http://www.w3.org/1999/xhtml" xml:lang="en" lang="en">
 <head>
  <title>
</title>
<meta http-equiv="Content-Type" content="text/html;charset=utf-8" />
  <meta name='ocr-system' content='tesseract 3.04.00' />
  <meta name='ocr-capabilities' content='ocr_page ocr_carea ocr_par ocr_line ocrx_word'/>
</head>
<body>
  <div class='ocr_page' id='page_1' title='image "./quaestionesdeus00huebgoog_0011.png"; bbox 0 0 2880 4762; ppageno 0'>
   <div class='ocr_carea' id='block_1_1' title="bbox 703 289 723 350">
    <p class='ocr_par' dir='ltr' id='par_1_1' title="bbox 703 289 723 350">
     <span class='ocr_line' id='line_1_1' title="bbox 703 289 723 350; baseline 0 0"><span class='ocrx_word' id='word_1_1' title='bbox 703 289 723 350; x_wconf 87' lang='grc'>6</span> 
     </span>
    </p>
   </div>
   <div class='ocr_carea' id='block_1_2' title="bbox 141 456 1387 2569">
    <p class='ocr_par' dir='ltr' id='par_1_2' title="bbox 141 456 1387 2569">
     <span class='ocr_line' id='line_1_2' title="bbox 146 456 1283 539; baseline 0 -15"><span class='ocrx_word' id='word_1_2' title='bbox 146 459 290 524; x_wconf 91' lang='lat' dir='ltr'><strong>nondum</strong></span> <span class='ocrx_word' id='word_1_3' title='bbox 314 459 520 537; x_wconf 90' lang='lat' dir='ltr'><strong>convenerit,</strong></span> <span class='ocrx_word' id='word_1_4' title='bbox 549 456 681 522; x_wconf 91' lang='lat' dir='ltr'><strong>minime</strong></span> <span class='ocrx_word' id='word_1_5' title='bbox 704 456 890 522; x_wconf 92' lang='lat' dir='ltr'><strong>mirandum</strong></span> <span class='ocrx_word' id='word_1_6' title='bbox 918 463 982 538; x_wconf 90' lang='lat' dir='ltr'><strong>est,</strong></span> <span class='ocrx_word' id='word_1_7' title='bbox 1008 456 1096 539; x_wconf 92' lang='lat' dir='ltr'><strong>quod</strong></span> <span class='ocrx_word' id='word_1_8' title='bbox 1119 458 1218 524; x_wconf 91' lang='lat' dir='ltr'><strong>etiam</strong></span> <span class='ocrx_word' id='word_1_9' title='bbox 1241 456 1283 524; x_wconf 94' lang='lat' dir='ltr'><strong>de</strong></span> 
     </span>
     <span class='ocr_line' id='line_1_3' title="bbox 146 574 1282 668; baseline -0.006 -24"><span class='ocrx_word' id='word_1_10' title='bbox 146 579 300 644; x_wconf 92' lang='lat' dir='ltr'><strong>infinitivi</strong></span> <span class='ocrx_word' id='word_1_11' title='bbox 334 577 481 643; x_wconf 79' lang='lat' dir='ltr'><strong>historici</strong></span> <span class='ocrx_word' id='word_1_12' title='bbox 511 576 638 659; x_wconf 92' lang='lat' dir='ltr'><strong>origine</strong></span> <span class='ocrx_word' id='word_1_13' title='bbox 669 582 700 641; x_wconf 91' lang='lat' dir='ltr'><strong>et</strong></span> <span class='ocrx_word' id='word_1_14' title='bbox 729 576 762 641; x_wconf 95' lang='lat' dir='ltr'><strong>vi</strong></span> <span class='ocrx_word' id='word_1_15' title='bbox 792 581 859 640; x_wconf 90' lang='lat' dir='ltr'><strong>tam</strong></span> <span class='ocrx_word' id='word_1_16' title='bbox 888 575 979 641; x_wconf 89' lang='lat' dir='ltr'><strong>varie</strong></span> <span class='ocrx_word' id='word_1_17' title='bbox 1015 574 1196 668; x_wconf 91' lang='lat' dir='ltr'><strong>iudicatum</strong></span> <span class='ocrx_word' id='word_1_18' title='bbox 1224 582 1282 642; x_wconf 87' lang='lat' dir='ltr'><strong>est.</strong></span> 
     </span>
     <span class='ocr_line' id='line_1_4' title="bbox 147 685 1387 786; baseline -0.004 -21"><span class='ocrx_word' id='word_1_19' title='bbox 147 699 237 777; x_wconf 80' lang='lat' dir='ltr'><strong>Quas</strong></span> <span class='ocrx_word' id='word_1_20' title='bbox 259 695 431 780; x_wconf 89' lang='lat' dir='ltr'><strong>Wagneri,</strong></span> <span class='ocrx_word' id='word_1_21' title='bbox 456 685 637 777; x_wconf 80' lang='lat' dir='ltr'><strong>s&#39;ohmidtii,</strong></span> <span class='ocrx_word' id='word_1_22' title='bbox 666 694 784 759; x_wconf 92' lang='lat' dir='ltr'><strong>Mohrii</strong></span> <span class='ocrx_word' id='word_1_23' title='bbox 813 695 970 777; x_wconf 89' lang='lat' dir='ltr'><strong>aliorum,</strong></span> <span class='ocrx_word' id='word_1_24' title='bbox 1002 713 1084 777; x_wconf 90' lang='lat' dir='ltr'><strong>quos</strong></span> <span class='ocrx_word' id='word_1_25' title='bbox 1111 694 1282 760; x_wconf 89' lang='lat' dir='ltr'><strong>nominare</strong></span> <span class='ocrx_word' id='word_1_26' title='bbox 1381 776 1387 786; x_wconf 27' lang='grc' dir='ltr'>Ι</span> 
     </span>
     <span class='ocr_line' id='line_1_5' title="bbox 145 807 1282 901; baseline -0.004 -17"><span class='ocrx_word' id='word_1_27' title='bbox 145 821 280 901; x_wconf 92' lang='lat' dir='ltr'><strong>longum</strong></span> <span class='ocrx_word' id='word_1_28' title='bbox 302 823 361 899; x_wconf 89' lang='lat' dir='ltr'><strong>est,</strong></span> <span class='ocrx_word' id='word_1_29' title='bbox 384 816 574 897; x_wconf 89' lang='lat' dir='ltr'><strong>sententias,</strong></span> <span class='ocrx_word' id='word_1_30' title='bbox 598 834 672 879; x_wconf 90' lang='lat' dir='ltr'><strong>cum</strong></span> <span class='ocrx_word' id='word_1_31' title='bbox 694 807 860 880; x_wconf 80' lang='lat' dir='ltr'><strong>Gustavns</strong></span> <span class='ocrx_word' id='word_1_32' title='bbox 875 812 969 879; x_wconf 90' lang='lat' dir='ltr'><strong>Mohr</strong></span> <span class='ocrx_word' id='word_1_33' title='bbox 991 813 1025 877; x_wconf 93' lang='lat' dir='ltr'><strong>in</strong></span> <span class='ocrx_word' id='word_1_34' title='bbox 1042 814 1282 896; x_wconf 81' lang='lat' dir='ltr'><strong>dissertatione,</strong></span> 
     </span>
     <span class='ocr_line' id='line_1_6' title="bbox 147 933 1284 1020; baseline -0.004 -18"><span class='ocrx_word' id='word_1_35' title='bbox 147 957 244 1020; x_wconf 91' lang='lat' dir='ltr'><strong>quam</strong></span> <span class='ocrx_word' id='word_1_36' title='bbox 257 934 438 1018; x_wconf 78' lang='lat' dir='ltr'><strong>inscripsit:</strong></span> <span class='ocrx_word' id='word_1_37' title='bbox 456 934 528 1013; x_wconf 86' lang='lat' dir='ltr'><strong>,de</strong></span> <span class='ocrx_word' id='word_1_38' title='bbox 544 933 767 1000; x_wconf 83' lang='lat' dir='ltr'><strong>infinitivo</strong></span> <span class='ocrx_word' id='word_1_39' title='bbox 783 933 985 1000; x_wconf 89' lang='lat' dir='ltr'><strong>historico</strong></span> <span class='ocrx_word' id='word_1_40' title='bbox 999 933 1284 1019; x_wconf 87' lang='lat' dir='ltr'><strong>(HalisSaxonum</strong></span> 
     </span>
     <span class='ocr_line' id='line_1_7' title="bbox 147 1052 1357 1138; baseline -0.003 -16"><span class='ocrx_word' id='word_1_41' title='bbox 147 1054 499 1131; x_wconf 68' lang='lat' dir='ltr'><strong>Mnoccnxxvmr</strong></span> <span class='ocrx_word' id='word_1_42' title='bbox 534 1054 777 1120; x_wconf 83' lang='lat' dir='ltr'><strong>enumeraverit</strong></span> <span class='ocrx_word' id='word_1_43' title='bbox 799 1052 1126 1136; x_wconf 75' lang='lat' dir='ltr'><strong>perlustrarentque,</strong></span> <span class='ocrx_word' id='word_1_44' title='bbox 1149 1073 1200 1118; x_wconf 94' lang='lat' dir='ltr'><strong>me</strong></span> <span class='ocrx_word' id='word_1_45' title='bbox 1222 1052 1284 1118; x_wconf 91' lang='lat' dir='ltr'><strong>hoc</strong></span> <span class='ocrx_word' id='word_1_46' title='bbox 1355 1135 1357 1138; x_wconf 9' lang='grc' dir='ltr'><em>Α</em></span> 
     </span>
     <span class='ocr_line' id='line_1_8' title="bbox 146 1149 1283 1258; baseline -0.004 -18"><span class='ocrx_word' id='word_1_47' title='bbox 146 1177 219 1241; x_wconf 90' lang='grc'><strong>1000</strong></span> <span class='ocrx_word' id='word_1_48' title='bbox 254 1174 402 1240; x_wconf 90' lang='lat' dir='ltr'><strong>omittere</strong></span> <span class='ocrx_word' id='word_1_49' title='bbox 435 1194 532 1258; x_wconf 87' lang='lat' dir='ltr'><strong>posse</strong></span> <span class='ocrx_word' id='word_1_50' title='bbox 569 1173 732 1240; x_wconf 82' lang='lat' dir='ltr'><strong>existimo.</strong></span> <span class='ocrx_word' id='word_1_51' title='bbox 778 1172 863 1237; x_wconf 87' lang='lat' dir='ltr'><strong>Tum</strong></span> <span class='ocrx_word' id='word_1_52' title='bbox 896 1193 989 1255; x_wconf 91' lang='lat' dir='ltr'><strong>vero,</strong></span> <span class='ocrx_word' id='word_1_53' title='bbox 1025 1179 1061 1238; x_wconf 92' lang='lat' dir='ltr'><strong>ut</strong></span> <span class='ocrx_word' id='word_1_54' title='bbox 1094 1149 1283 1254; x_wconf 84' lang='lat' dir='ltr'><strong>concedam,</strong></span> 
     </span>
     <span class='ocr_line' id='line_1_9' title="bbox 148 1291 1284 1378; baseline -0.006 -17"><span class='ocrx_word' id='word_1_55' title='bbox 148 1293 374 1378; x_wconf 89' lang='lat' dir='ltr'><strong>quaestionem</strong></span> <span class='ocrx_word' id='word_1_56' title='bbox 397 1293 439 1360; x_wconf 93' lang='lat' dir='ltr'><strong>de</strong></span> <span class='ocrx_word' id='word_1_57' title='bbox 465 1292 629 1375; x_wconf 84' lang='lat' dir='ltr'><strong>origine</strong></span> <span class='ocrx_word' id='word_1_58' title='bbox 651 1291 806 1358; x_wconf 88' lang='lat' dir='ltr'><strong>infinitivi</strong></span> <span class='ocrx_word' id='word_1_59' title='bbox 828 1291 975 1357; x_wconf 91' lang='lat' dir='ltr'><strong>historici</strong></span> <span class='ocrx_word' id='word_1_60' title='bbox 1004 1298 1080 1358; x_wconf 89' lang='lat' dir='ltr'><strong>ante</strong></span> <span class='ocrx_word' id='word_1_61' title='bbox 1103 1312 1214 1357; x_wconf 91' lang='lat' dir='ltr'><strong>usum</strong></span> <span class='ocrx_word' id='word_1_62' title='bbox 1235 1292 1284 1355; x_wconf 95' lang='lat' dir='ltr'><strong>in-</strong></span> 
     </span>
     <span class='ocr_line' id='line_1_10' title="bbox 146 1410 1284 1496; baseline -0.004 -17"><span class='ocrx_word' id='word_1_63' title='bbox 146 1414 265 1479; x_wconf 94' lang='lat' dir='ltr'><strong>finitivi</strong></span> <span class='ocrx_word' id='word_1_64' title='bbox 288 1413 384 1478; x_wconf 91' lang='lat' dir='ltr'><strong>istius</strong></span> <span class='ocrx_word' id='word_1_65' title='bbox 407 1418 522 1496; x_wconf 92' lang='lat' dir='ltr'><strong>aperte</strong></span> <span class='ocrx_word' id='word_1_66' title='bbox 546 1411 759 1494; x_wconf 84' lang='lat' dir='ltr'><strong>dilucideque</strong></span> <span class='ocrx_word' id='word_1_67' title='bbox 780 1411 966 1494; x_wconf 82' lang='lat' dir='ltr'><strong>expositum</strong></span> <span class='ocrx_word' id='word_1_68' title='bbox 988 1410 1126 1476; x_wconf 87' lang='lat' dir='ltr'><strong>fortasse</strong></span> <span class='ocrx_word' id='word_1_69' title='bbox 1150 1410 1284 1477; x_wconf 89' lang='lat' dir='ltr'><strong>tractari</strong></span> 
     </span>
     <span class='ocr_line' id='line_1_11' title="bbox 148 1528 1283 1615; baseline -0.001 -18"><span class='ocrx_word' id='word_1_70' title='bbox 148 1551 252 1615; x_wconf 90' lang='lat' dir='ltr'><strong>posse,</strong></span> <span class='ocrx_word' id='word_1_71' title='bbox 276 1537 397 1612; x_wconf 89' lang='lat' dir='ltr'><strong>tamen,</strong></span> <span class='ocrx_word' id='word_1_72' title='bbox 421 1550 506 1613; x_wconf 90' lang='lat' dir='ltr'><strong>quae</strong></span> <span class='ocrx_word' id='word_1_73' title='bbox 529 1530 572 1595; x_wconf 90' lang='lat' dir='ltr'><strong>sit</strong></span> <span class='ocrx_word' id='word_1_74' title='bbox 594 1529 655 1594; x_wconf 90' lang='lat' dir='ltr'><strong>vis</strong></span> <span class='ocrx_word' id='word_1_75' title='bbox 677 1529 830 1594; x_wconf 88' lang='lat' dir='ltr'><strong>infinitivi</strong></span> <span class='ocrx_word' id='word_1_76' title='bbox 852 1528 999 1594; x_wconf 85' lang='lat' dir='ltr'><strong>historici</strong></span> <span class='ocrx_word' id='word_1_77' title='bbox 1013 1530 1067 1595; x_wconf 94' lang='lat' dir='ltr'><strong>vel</strong></span> <span class='ocrx_word' id='word_1_78' title='bbox 1083 1529 1192 1613; x_wconf 89' lang='lat' dir='ltr'><strong>potius</strong></span> <span class='ocrx_word' id='word_1_79' title='bbox 1208 1550 1283 1613; x_wconf 90' lang='lat' dir='ltr'><strong>quo</strong></span> 
     </span>
     <span class='ocr_line' id='line_1_12' title="bbox 149 1648 1284 1732; baseline -0.003 -16"><span class='ocrx_word' id='word_1_80' title='bbox 149 1650 327 1716; x_wconf 90' lang='lat' dir='ltr'><strong>consilio</strong></span> <span class='ocrx_word' id='word_1_81' title='bbox 365 1669 527 1732; x_wconf 90' lang='lat' dir='ltr'><strong>quaque</strong></span> <span class='ocrx_word' id='word_1_82' title='bbox 565 1648 725 1715; x_wconf 89' lang='lat' dir='ltr'><strong>ratione</strong></span> <span class='ocrx_word' id='word_1_83' title='bbox 770 1668 900 1715; x_wconf 90' lang='lat' dir='ltr'><strong>rerum</strong></span> <span class='ocrx_word' id='word_1_84' title='bbox 944 1648 1170 1732; x_wconf 89' lang='lat' dir='ltr'><strong>scriptores</strong></span> <span class='ocrx_word' id='word_1_85' title='bbox 1209 1649 1284 1714; x_wconf 92' lang='lat' dir='ltr'><strong>hac</strong></span> 
     </span>
     <span class='ocr_line' id='line_1_13' title="bbox 147 1767 1283 1854; baseline -0.003 -20"><span class='ocrx_word' id='word_1_86' title='bbox 147 1770 286 1854; x_wconf 86' lang='lat' dir='ltr'><strong>figura</strong></span> <span class='ocrx_word' id='word_1_87' title='bbox 320 1769 381 1835; x_wconf 90' lang='lat' dir='ltr'><strong>usi</strong></span> <span class='ocrx_word' id='word_1_88' title='bbox 415 1770 512 1852; x_wconf 90' lang='lat' dir='ltr'><strong>sint,</strong></span> <span class='ocrx_word' id='word_1_89' title='bbox 548 1767 723 1834; x_wconf 87' lang='lat' dir='ltr'><strong>diiudicari</strong></span> <span class='ocrx_word' id='word_1_90' title='bbox 757 1767 956 1850; x_wconf 91' lang='lat' dir='ltr'><strong>decernique</strong></span> <span class='ocrx_word' id='word_1_91' title='bbox 985 1787 1050 1832; x_wconf 93' lang='lat' dir='ltr'><strong>non</strong></span> <span class='ocrx_word' id='word_1_92' title='bbox 1079 1788 1191 1851; x_wconf 90' lang='lat' dir='ltr'><strong>posse,</strong></span> <span class='ocrx_word' id='word_1_93' title='bbox 1221 1767 1283 1833; x_wconf 93' lang='lat' dir='ltr'><strong>nisi</strong></span> 
     </span>
     <span class='ocr_line' id='line_1_14' title="bbox 150 1885 1284 1972; baseline -0.004 -18"><span class='ocrx_word' id='word_1_94' title='bbox 150 1896 258 1972; x_wconf 85' lang='lat' dir='ltr'><strong>antea,</strong></span> <span class='ocrx_word' id='word_1_95' title='bbox 281 1889 373 1972; x_wconf 86' lang='lat' dir='ltr'><strong>locis,</strong></span> <span class='ocrx_word' id='word_1_96' title='bbox 397 1889 515 1971; x_wconf 89' lang='lat' dir='ltr'><strong>quibus</strong></span> <span class='ocrx_word' id='word_1_97' title='bbox 537 1888 587 1952; x_wconf 94' lang='lat' dir='ltr'><strong>illi</strong></span> <span class='ocrx_word' id='word_1_98' title='bbox 617 1887 814 1954; x_wconf 91' lang='lat' dir='ltr'><strong>infinitivum</strong></span> <span class='ocrx_word' id='word_1_99' title='bbox 842 1886 1032 1953; x_wconf 91' lang='lat' dir='ltr'><strong>historicum</strong></span> <span class='ocrx_word' id='word_1_100' title='bbox 1061 1885 1284 1970; x_wconf 90' lang='lat' dir='ltr'><strong>adhibuerint,</strong></span> 
     </span>
     <span class='ocr_line' id='line_1_15' title="bbox 151 2006 1285 2093; baseline -0.004 -18"><span class='ocrx_word' id='word_1_101' title='bbox 151 2009 357 2093; x_wconf 85' lang='lat' dir='ltr'><strong>perlustratis</strong></span> <span class='ocrx_word' id='word_1_102' title='bbox 381 2009 545 2092; x_wconf 88' lang='lat' dir='ltr'><strong>omnibns,</strong></span> <span class='ocrx_word' id='word_1_103' title='bbox 569 2027 649 2074; x_wconf 90' lang='lat' dir='ltr'><strong>usus</strong></span> <span class='ocrx_word' id='word_1_104' title='bbox 670 2008 732 2074; x_wconf 90' lang='lat' dir='ltr'><strong>iste</strong></span> <span class='ocrx_word' id='word_1_105' title='bbox 755 2009 854 2091; x_wconf 91' lang='lat' dir='ltr'><strong>plane</strong></span> <span class='ocrx_word' id='word_1_106' title='bbox 878 2006 1027 2089; x_wconf 90' lang='lat' dir='ltr'><strong>cognitus</strong></span> <span class='ocrx_word' id='word_1_107' title='bbox 1051 2006 1108 2090; x_wconf 92' lang='lat' dir='ltr'><strong>sit,</strong></span> <span class='ocrx_word' id='word_1_108' title='bbox 1132 2006 1285 2090; x_wconf 89' lang='lat' dir='ltr'><strong>equidem</strong></span> 
     </span>
     <span class='ocr_line' id='line_1_16' title="bbox 151 2125 1285 2211; baseline -0.005 -16"><span class='ocrx_word' id='word_1_109' title='bbox 151 2135 259 2195; x_wconf 90' lang='lat' dir='ltr'><strong>statuo</strong></span> <span class='ocrx_word' id='word_1_110' title='bbox 287 2136 385 2211; x_wconf 92' lang='lat' dir='ltr'><strong>atque</strong></span> <span class='ocrx_word' id='word_1_111' title='bbox 414 2127 586 2194; x_wconf 91' lang='lat' dir='ltr'><strong>contendo.</strong></span> <span class='ocrx_word' id='word_1_112' title='bbox 631 2127 826 2210; x_wconf 89' lang='lat' dir='ltr'><strong>Priusquam</strong></span> <span class='ocrx_word' id='word_1_113' title='bbox 860 2125 946 2193; x_wconf 90' lang='lat' dir='ltr'><strong>enim</strong></span> <span class='ocrx_word' id='word_1_114' title='bbox 974 2146 1043 2192; x_wconf 88' lang='lat' dir='ltr'><strong>rem</strong></span> <span class='ocrx_word' id='word_1_115' title='bbox 1071 2127 1177 2209; x_wconf 89' lang='lat' dir='ltr'><strong>ipsam</strong></span> <span class='ocrx_word' id='word_1_116' title='bbox 1205 2145 1285 2190; x_wconf 92' lang='lat' dir='ltr'><strong>cau-</strong></span> 
     </span>
     <span class='ocr_line' id='line_1_17' title="bbox 141 2243 1347 2331; baseline -0.006 -17"><span class='ocrx_word' id='word_1_117' title='bbox 141 2268 270 2331; x_wconf 89' lang='lat' dir='ltr'><strong>sasque</strong></span> <span class='ocrx_word' id='word_1_118' title='bbox 300 2247 371 2314; x_wconf 89' lang='lat' dir='ltr'><strong>eius</strong></span> <span class='ocrx_word' id='word_1_119' title='bbox 398 2248 499 2330; x_wconf 89' lang='lat' dir='ltr'><strong>plane</strong></span> <span class='ocrx_word' id='word_1_120' title='bbox 527 2253 717 2331; x_wconf 88' lang='lat' dir='ltr'><strong>perspectas</strong></span> <span class='ocrx_word' id='word_1_121' title='bbox 744 2247 937 2328; x_wconf 86' lang='lat' dir='ltr'><strong>habeamus,</strong></span> <span class='ocrx_word' id='word_1_122' title='bbox 968 2246 1059 2310; x_wconf 93' lang='lat' dir='ltr'><strong>nullo</strong></span> <span class='ocrx_word' id='word_1_123' title='bbox 1088 2243 1185 2309; x_wconf 90' lang='lat' dir='ltr'><strong>modo</strong></span> <span class='ocrx_word' id='word_1_124' title='bbox 1213 2245 1285 2311; x_wconf 92' lang='lat' dir='ltr'><strong>fieri</strong></span> <span class='ocrx_word' id='word_1_125' title='bbox 1344 2297 1347 2301; x_wconf 68' lang='grc'>,</span> 
     </span>
     <span class='ocr_line' id='line_1_18' title="bbox 152 2364 1285 2451; baseline -0.004 -18"><span class='ocrx_word' id='word_1_126' title='bbox 152 2373 269 2451; x_wconf 91' lang='lat' dir='ltr'><strong>potest,</strong></span> <span class='ocrx_word' id='word_1_127' title='bbox 292 2373 328 2432; x_wconf 92' lang='lat' dir='ltr'><strong>ut</strong></span> <span class='ocrx_word' id='word_1_128' title='bbox 350 2365 591 2448; x_wconf 82' lang='lat' dir='ltr'><strong>intellegamus,</strong></span> <span class='ocrx_word' id='word_1_129' title='bbox 615 2364 695 2448; x_wconf 87' lang='lat' dir='ltr'><strong>quid</strong></span> <span class='ocrx_word' id='word_1_130' title='bbox 718 2386 847 2449; x_wconf 92' lang='lat' dir='ltr'><strong>quoque</strong></span> <span class='ocrx_word' id='word_1_131' title='bbox 876 2367 950 2431; x_wconf 90' lang='lat' dir='ltr'><strong>loco</strong></span> <span class='ocrx_word' id='word_1_132' title='bbox 972 2364 1077 2430; x_wconf 84' lang='lat' dir='ltr'><strong>forma</strong></span> <span class='ocrx_word' id='word_1_133' title='bbox 1099 2383 1156 2428; x_wconf 91' lang='lat' dir='ltr'><strong>seu</strong></span> <span class='ocrx_word' id='word_1_134' title='bbox 1179 2364 1285 2448; x_wconf 91' lang='lat' dir='ltr'><strong>figura</strong></span> 
     </span>
     <span class='ocr_line' id='line_1_19' title="bbox 152 2483 717 2569; baseline -0.005 -19"><span class='ocrx_word' id='word_1_135' title='bbox 152 2485 295 2569; x_wconf 89' lang='lat' dir='ltr'><strong>quadam</strong></span> <span class='ocrx_word' id='word_1_136' title='bbox 317 2483 456 2567; x_wconf 89' lang='lat' dir='ltr'><strong>scriptor</strong></span> <span class='ocrx_word' id='word_1_137' title='bbox 478 2483 542 2549; x_wconf 90' lang='lat' dir='ltr'><strong>sihi</strong></span> <span class='ocrx_word' id='word_1_138' title='bbox 566 2485 717 2551; x_wconf 90' lang='lat' dir='ltr'><strong>voluerit.</strong></span> 
     </span>
    </p>
   </div>
   <div class='ocr_carea' id='block_1_3' title="bbox 152 2620 1288 2824">
    <p class='ocr_par' dir='ltr' id='par_1_3' title="bbox 152 2620 1288 2824">
     <span class='ocr_line' id='line_1_20' title="bbox 238 2620 1285 2706; baseline 0 -21"><span class='ocrx_word' id='word_1_139' title='bbox 238 2622 289 2686; x_wconf 91' lang='lat' dir='ltr'><strong>De</strong></span> <span class='ocrx_word' id='word_1_140' title='bbox 312 2641 383 2686; x_wconf 91' lang='lat' dir='ltr'><strong>usu</strong></span> <span class='ocrx_word' id='word_1_141' title='bbox 405 2620 508 2704; x_wconf 91' lang='lat' dir='ltr'><strong>igitur</strong></span> <span class='ocrx_word' id='word_1_142' title='bbox 529 2620 683 2686; x_wconf 90' lang='lat' dir='ltr'><strong>infinitivi</strong></span> <span class='ocrx_word' id='word_1_143' title='bbox 698 2622 847 2689; x_wconf 90' lang='lat' dir='ltr'><strong>historici</strong></span> <span class='ocrx_word' id='word_1_144' title='bbox 865 2621 1074 2706; x_wconf 86' lang='lat' dir='ltr'><strong>quaestiones</strong></span> <span class='ocrx_word' id='word_1_145' title='bbox 1090 2621 1152 2688; x_wconf 91' lang='lat' dir='ltr'><strong>hac</strong></span> <span class='ocrx_word' id='word_1_146' title='bbox 1169 2621 1285 2687; x_wconf 90' lang='lat' dir='ltr'><strong>disser-</strong></span> 
     </span>
     <span class='ocr_line' id='line_1_21' title="bbox 152 2740 1288 2824; baseline -0.003 -17"><span class='ocrx_word' id='word_1_147' title='bbox 152 2741 276 2807; x_wconf 92' lang='lat' dir='ltr'><strong>tatione</strong></span> <span class='ocrx_word' id='word_1_148' title='bbox 299 2741 472 2807; x_wconf 90' lang='lat' dir='ltr'><strong>instituere</strong></span> <span class='ocrx_word' id='word_1_149' title='bbox 505 2740 539 2803; x_wconf 95' lang='lat' dir='ltr'><strong>in</strong></span> <span class='ocrx_word' id='word_1_150' title='bbox 563 2740 707 2804; x_wconf 88' lang='lat' dir='ltr'><strong>animum</strong></span> <span class='ocrx_word' id='word_1_151' title='bbox 737 2740 854 2806; x_wconf 86' lang='lat' dir='ltr'><strong>induxi</strong></span> <span class='ocrx_word' id='word_1_152' title='bbox 883 2740 1116 2824; x_wconf 89' lang='lat' dir='ltr'><strong>instituamque</strong></span> <span class='ocrx_word' id='word_1_153' title='bbox 1144 2761 1201 2807; x_wconf 89' lang='lat' dir='ltr'><strong>eas</strong></span> <span class='ocrx_word' id='word_1_154' title='bbox 1229 2760 1288 2824; x_wconf 92' lang='lat' dir='ltr'><strong>per</strong></span> 
     </span>
    </p>
   </div>
   <div class='ocr_carea' id='block_1_4' title="bbox 152 2856 1376 2939">
    <p class='ocr_par' dir='ltr' id='par_1_4' title="bbox 152 2856 1376 2939">
     <span class='ocr_line' id='line_1_22' title="bbox 152 2856 1376 2939; baseline 0.002 -14"><span class='ocrx_word' id='word_1_155' title='bbox 152 2860 255 2926; x_wconf 89' lang='lat' dir='ltr'><strong>libros</strong></span> <span class='ocrx_word' id='word_1_156' title='bbox 282 2857 432 2924; x_wconf 87' lang='lat' dir='ltr'><strong>Sallustii</strong></span> <span class='ocrx_word' id='word_1_157' title='bbox 462 2865 495 2924; x_wconf 92' lang='lat' dir='ltr'><strong>et</strong></span> <span class='ocrx_word' id='word_1_158' title='bbox 521 2856 645 2938; x_wconf 84' lang='lat' dir='ltr'><strong>Taciti,</strong></span> <span class='ocrx_word' id='word_1_159' title='bbox 677 2857 733 2939; x_wconf 90' lang='lat' dir='ltr'><strong>qui</strong></span> <span class='ocrx_word' id='word_1_160' title='bbox 761 2856 922 2925; x_wconf 91' lang='lat' dir='ltr'><strong>infinitivo</strong></span> <span class='ocrx_word' id='word_1_161' title='bbox 956 2859 1015 2926; x_wconf 94' lang='lat' dir='ltr'><strong>illo</strong></span> <span class='ocrx_word' id='word_1_162' title='bbox 1050 2861 1194 2926; x_wconf 89' lang='lat' dir='ltr'><strong>omnium</strong></span> <span class='ocrx_word' id='word_1_163' title='bbox 1224 2862 1286 2927; x_wconf 86' lang='lat' dir='ltr'><strong>Rc·</strong></span> <span class='ocrx_word' id='word_1_164' title='bbox 1364 2866 1376 2880; x_wconf 67' lang='grc'><strong>“</strong></span> 
     </span>
    </p>
   </div>
   <div class='ocr_carea' id='block_1_5' title="bbox 153 2975 713 3060">
    <p class='ocr_par' dir='ltr' id='par_1_5' title="bbox 153 2975 713 3060">
     <span class='ocr_line' id='line_1_23' title="bbox 153 2975 713 3060; baseline -0.005 -16"><span class='ocrx_word' id='word_1_165' title='bbox 153 2999 323 3045; x_wconf 90' lang='lat' dir='ltr'><strong>manorum</strong></span> <span class='ocrx_word' id='word_1_166' title='bbox 346 2976 539 3060; x_wconf 89' lang='lat' dir='ltr'><strong>saepissime</strong></span> <span class='ocrx_word' id='word_1_167' title='bbox 563 2976 614 3042; x_wconf 90' lang='lat' dir='ltr'><strong>usi</strong></span> <span class='ocrx_word' id='word_1_168' title='bbox 636 2975 713 3041; x_wconf 88' lang='lat' dir='ltr'><strong>sint.</strong></span> 
     </span>
    </p>
   </div>
   <div class='ocr_carea' id='block_1_6' title="bbox 155 3099 1289 4018">
    <p class='ocr_par' dir='ltr' id='par_1_6' title="bbox 155 3099 1289 4018">
     <span class='ocr_line' id='line_1_24' title="bbox 240 3099 1285 3200; baseline 0.001 -20"><span class='ocrx_word' id='word_1_169' title='bbox 240 3115 435 3199; x_wconf 88' lang='lat' dir='ltr'><strong>Priusquam</strong></span> <span class='ocrx_word' id='word_1_170' title='bbox 459 3099 537 3181; x_wconf 91' lang='lat' dir='ltr'><strong>vero</strong></span> <span class='ocrx_word' id='word_1_171' title='bbox 561 3135 629 3180; x_wconf 91' lang='lat' dir='ltr'><strong>rem</strong></span> <span class='ocrx_word' id='word_1_172' title='bbox 651 3115 850 3198; x_wconf 90' lang='lat' dir='ltr'><strong>propositam</strong></span> <span class='ocrx_word' id='word_1_173' title='bbox 873 3114 977 3199; x_wconf 91' lang='lat' dir='ltr'><strong>ipsam</strong></span> <span class='ocrx_word' id='word_1_174' title='bbox 994 3123 1148 3183; x_wconf 89' lang='lat' dir='ltr'><strong>tractare</strong></span> <span class='ocrx_word' id='word_1_175' title='bbox 1177 3136 1285 3200; x_wconf 87' lang='lat' dir='ltr'><strong>conor,</strong></span> 
     </span>
     <span class='ocr_line' id='line_1_25' title="bbox 155 3224 1286 3319; baseline -0.002 -16"><span class='ocrx_word' id='word_1_176' title='bbox 155 3244 188 3304; x_wconf 90' lang='lat' dir='ltr'><strong>et</strong></span> <span class='ocrx_word' id='word_1_177' title='bbox 210 3235 301 3318; x_wconf 90' lang='lat' dir='ltr'><strong>locis,</strong></span> <span class='ocrx_word' id='word_1_178' title='bbox 326 3224 445 3318; x_wconf 87' lang='lat' dir='ltr'><strong>quibus</strong></span> <span class='ocrx_word' id='word_1_179' title='bbox 467 3234 642 3317; x_wconf 88' lang='lat' dir='ltr'><strong>scriptores</strong></span> <span class='ocrx_word' id='word_1_180' title='bbox 670 3234 719 3299; x_wconf 95' lang='lat' dir='ltr'><strong>illi</strong></span> <span class='ocrx_word' id='word_1_181' title='bbox 746 3233 916 3300; x_wconf 90' lang='lat' dir='ltr'><strong>infinitivis</strong></span> <span class='ocrx_word' id='word_1_182' title='bbox 939 3233 1103 3301; x_wconf 90' lang='lat' dir='ltr'><strong>historicis</strong></span> <span class='ocrx_word' id='word_1_183' title='bbox 1129 3236 1180 3300; x_wconf 89' lang='lat' dir='ltr'><strong>nsi</strong></span> <span class='ocrx_word' id='word_1_184' title='bbox 1202 3243 1286 3319; x_wconf 91' lang='lat' dir='ltr'><strong>sunt,</strong></span> 
     </span>
     <span class='ocr_line' id='line_1_26' title="bbox 155 3352 1288 3438; baseline 0 -17"><span class='ocrx_word' id='word_1_185' title='bbox 155 3363 188 3421; x_wconf 93' lang='lat' dir='ltr'><strong>et</strong></span> <span class='ocrx_word' id='word_1_186' title='bbox 210 3355 329 3438; x_wconf 86' lang='lat' dir='ltr'><strong>verbis,</strong></span> <span class='ocrx_word' id='word_1_187' title='bbox 352 3374 438 3438; x_wconf 89' lang='lat' dir='ltr'><strong>quae</strong></span> <span class='ocrx_word' id='word_1_188' title='bbox 460 3352 524 3419; x_wconf 89' lang='lat' dir='ltr'><strong>hac</strong></span> <span class='ocrx_word' id='word_1_189' title='bbox 547 3352 652 3419; x_wconf 87' lang='lat' dir='ltr'><strong>forma</strong></span> <span class='ocrx_word' id='word_1_190' title='bbox 674 3353 909 3437; x_wconf 85' lang='lat' dir='ltr'><strong>adhibuerunt,</strong></span> <span class='ocrx_word' id='word_1_191' title='bbox 938 3353 1128 3437; x_wconf 82' lang='lat' dir='ltr'><strong>singulatim</strong></span> <span class='ocrx_word' id='word_1_192' title='bbox 1157 3353 1288 3421; x_wconf 84' lang='lat' dir='ltr'><strong>enume-</strong></span> 
     </span>
     <span class='ocr_line' id='line_1_27' title="bbox 156 3470 1288 3557; baseline 0.001 -19"><span class='ocrx_word' id='word_1_193' title='bbox 156 3474 270 3539; x_wconf 89' lang='lat' dir='ltr'><strong>randis</strong></span> <span class='ocrx_word' id='word_1_194' title='bbox 296 3474 559 3557; x_wconf 85' lang='lat' dir='ltr'><strong>supplamentnm</strong></span> <span class='ocrx_word' id='word_1_195' title='bbox 588 3473 826 3539; x_wconf 89' lang='lat' dir='ltr'><strong>dissertationis</strong></span> <span class='ocrx_word' id='word_1_196' title='bbox 852 3473 956 3556; x_wconf 91' lang='lat' dir='ltr'><strong>illius,</strong></span> <span class='ocrx_word' id='word_1_197' title='bbox 991 3493 1089 3556; x_wconf 90' lang='lat' dir='ltr'><strong>quam</strong></span> <span class='ocrx_word' id='word_1_198' title='bbox 1123 3470 1288 3539; x_wconf 83' lang='lat' dir='ltr'><strong>Gustavus</strong></span> 
     </span>
     <span class='ocr_line' id='line_1_28' title="bbox 156 3591 1288 3676; baseline -0.002 -17"><span class='ocrx_word' id='word_1_199' title='bbox 156 3591 250 3659; x_wconf 85' lang='lat' dir='ltr'><strong>liohr</strong></span> <span class='ocrx_word' id='word_1_200' title='bbox 287 3591 360 3675; x_wconf 86' lang='lat' dir='ltr'><strong>„de</strong></span> <span class='ocrx_word' id='word_1_201' title='bbox 397 3591 615 3659; x_wconf 87' lang='lat' dir='ltr'><strong>infinitivo</strong></span> <span class='ocrx_word' id='word_1_202' title='bbox 654 3592 882 3659; x_wconf 82' lang='lat' dir='ltr'><strong>historico“</strong></span> <span class='ocrx_word' id='word_1_203' title='bbox 923 3591 1132 3676; x_wconf 86' lang='lat' dir='ltr'><strong>conscripsit,</strong></span> <span class='ocrx_word' id='word_1_204' title='bbox 1169 3591 1288 3658; x_wconf 85' lang='lat' dir='ltr'><strong>afferre</strong></span> 
     </span>
     <span class='ocr_line' id='line_1_29' title="bbox 157 3709 1289 3796; baseline -0.005 -17"><span class='ocrx_word' id='word_1_205' title='bbox 157 3731 436 3796; x_wconf 88' lang='lat' dir='ltr'><strong>supervacaneum</strong></span> <span class='ocrx_word' id='word_1_206' title='bbox 458 3733 524 3778; x_wconf 93' lang='lat' dir='ltr'><strong>non</strong></span> <span class='ocrx_word' id='word_1_207' title='bbox 547 3732 618 3780; x_wconf 88' lang='lat' dir='ltr'><strong>esse</strong></span> <span class='ocrx_word' id='word_1_208' title='bbox 633 3712 713 3777; x_wconf 89' lang='lat' dir='ltr'><strong>mihi</strong></span> <span class='ocrx_word' id='word_1_209' title='bbox 727 3712 868 3779; x_wconf 90' lang='lat' dir='ltr'><strong>videtur.</strong></span> <span class='ocrx_word' id='word_1_210' title='bbox 905 3711 979 3789; x_wconf 77' lang='lat' dir='ltr'><strong>Qua</strong></span> <span class='ocrx_word' id='word_1_211' title='bbox 993 3712 1027 3776; x_wconf 93' lang='lat' dir='ltr'><strong>in</strong></span> <span class='ocrx_word' id='word_1_212' title='bbox 1042 3709 1289 3777; x_wconf 87' lang='lat' dir='ltr'><strong>enumeratione</strong></span> 
     </span>
     <span class='ocr_line' id='line_1_30' title="bbox 157 3827 1288 3899; baseline -0.003 -3"><span class='ocrx_word' id='word_1_213' title='bbox 157 3830 324 3898; x_wconf 90' lang='lat' dir='ltr'><strong>Henrici</strong></span> <span class='ocrx_word' id='word_1_214' title='bbox 350 3831 522 3899; x_wconf 87' lang='lat' dir='ltr'><strong>Jordani</strong></span> <span class='ocrx_word' id='word_1_215' title='bbox 550 3837 584 3898; x_wconf 92' lang='lat' dir='ltr'><strong>et</strong></span> <span class='ocrx_word' id='word_1_216' title='bbox 619 3831 757 3898; x_wconf 82' lang='lat' dir='ltr'><strong>Caroli</strong></span> <span class='ocrx_word' id='word_1_217' title='bbox 785 3831 939 3897; x_wconf 92' lang='lat' dir='ltr'><strong>Halmii</strong></span> <span class='ocrx_word' id='word_1_218' title='bbox 967 3851 1045 3898; x_wconf 87' lang='lat' dir='ltr'><strong>usus</strong></span> <span class='ocrx_word' id='word_1_219' title='bbox 1074 3849 1145 3897; x_wconf 90' lang='lat' dir='ltr'><strong>sum</strong></span> <span class='ocrx_word' id='word_1_220' title='bbox 1174 3827 1288 3895; x_wconf 92' lang='lat' dir='ltr'><strong>editio-</strong></span> 
     </span>
     <span class='ocr_line' id='line_1_31' title="bbox 155 3951 261 4018; baseline 0.019 -2"><span class='ocrx_word' id='word_1_221' title='bbox 155 3951 261 4018; x_wconf 86' lang='lat' dir='ltr'><strong>nibus.</strong></span> 
     </span>
    </p>
   </div>
   <div class='ocr_carea' id='block_1_7' title="bbox 0 0 1452 4762">
    <p class='ocr_par' dir='ltr' id='par_1_7' title="bbox 0 0 1452 4762">
     <span class='ocr_line' id='line_1_32' title="bbox 0 0 1452 4762; baseline 0 0"><span class='ocrx_word' id='word_1_222' title='bbox 0 0 1452 4762; x_wconf 95' lang='lat' dir='ltr'><strong> </strong></span> 
     </span>
    </p>
   </div>
  </div>
 </body>
</html>
