<?xml version="1.0" encoding="UTF-8"?>
<!DOCTYPE html PUBLIC "-//W3C//DTD XHTML 1.0 Transitional//EN"
    "http://www.w3.org/TR/xhtml1/DTD/xhtml1-transitional.dtd">
<html xmlns="http://www.w3.org/1999/xhtml" xml:lang="en" lang="en">
 <head>
  <title>
</title>
<meta http-equiv="Content-Type" content="text/html;charset=utf-8" />
  <meta name='ocr-system' content='tesseract 3.04.00' />
  <meta name='ocr-capabilities' content='ocr_page ocr_carea ocr_par ocr_line ocrx_word'/>
</head>
<body>
  <div class='ocr_page' id='page_1' title='image "./quaestionesdeus00huebgoog_0043.png"; bbox 0 0 2880 4762; ppageno 0'>
   <div class='ocr_carea' id='block_1_1' title="bbox 645 226 743 290">
    <p class='ocr_par' dir='ltr' id='par_1_1' title="bbox 645 226 743 290">
     <span class='ocr_line' id='line_1_1' title="bbox 645 226 743 290; baseline 0.02 -2"><span class='ocrx_word' id='word_1_1' title='bbox 645 226 743 290; x_wconf 86' lang='lat'><strong>·38</strong></span> 
     </span>
    </p>
   </div>
   <div class='ocr_carea' id='block_1_2' title="bbox 147 394 1299 2258">
    <p class='ocr_par' dir='ltr' id='par_1_2' title="bbox 151 394 1299 716">
     <span class='ocr_line' id='line_1_2' title="bbox 151 394 1298 480; baseline 0.003 -18"><span class='ocrx_word' id='word_1_2' title='bbox 151 398 233 464; x_wconf 92' lang='lat' dir='ltr'><strong>Hist.</strong></span> <span class='ocrx_word' id='word_1_3' title='bbox 258 398 316 480; x_wconf 92' lang='lat' dir='ltr'><strong>III,</strong></span> <span class='ocrx_word' id='word_1_4' title='bbox 343 400 399 462; x_wconf 86' lang='lat'><strong>10:</strong></span> <span class='ocrx_word' id='word_1_5' title='bbox 424 397 521 479; x_wconf 91' lang='lat' dir='ltr'><strong>„Ubi</strong></span> <span class='ocrx_word' id='word_1_6' title='bbox 545 394 799 462; x_wconf 78' lang='lat' dir='ltr'><strong>crudescere</strong></span> <span class='ocrx_word' id='word_1_7' title='bbox 829 398 946 463; x_wconf 91' lang='lat' dir='ltr'><strong>seditio</strong></span> <span class='ocrx_word' id='word_1_8' title='bbox 970 405 1001 464; x_wconf 89' lang='lat' dir='ltr'><strong>et</strong></span> <span class='ocrx_word' id='word_1_9' title='bbox 1024 420 1045 463; x_wconf 95' lang='lat' dir='ltr'><strong>a</strong></span> <span class='ocrx_word' id='word_1_10' title='bbox 1068 400 1227 465; x_wconf 90' lang='lat' dir='ltr'><strong>conviciis</strong></span> <span class='ocrx_word' id='word_1_11' title='bbox 1257 421 1298 465; x_wconf 89' lang='lat' dir='ltr'><strong>ac</strong></span> 
     </span>
     <span class='ocr_line' id='line_1_3' title="bbox 237 515 1299 600; baseline 0.004 -19"><span class='ocrx_word' id='word_1_12' title='bbox 237 517 365 600; x_wconf 85' lang='lat' dir='ltr'>probris</span> <span class='ocrx_word' id='word_1_13' title='bbox 393 515 437 580; x_wconf 88' lang='lat' dir='ltr'><strong>ad</strong></span> <span class='ocrx_word' id='word_1_14' title='bbox 466 518 535 582; x_wconf 92' lang='lat' dir='ltr'><strong>tela</strong></span> <span class='ocrx_word' id='word_1_15' title='bbox 564 523 596 581; x_wconf 91' lang='lat' dir='ltr'><strong>et</strong></span> <span class='ocrx_word' id='word_1_16' title='bbox 624 536 740 581; x_wconf 88' lang='lat' dir='ltr'><strong>manus</strong></span> <span class='ocrx_word' id='word_1_17' title='bbox 767 518 1021 598; x_wconf 83' lang='lat' dir='ltr'><strong>transibant,</strong></span> <span class='ocrx_word' id='word_1_18' title='bbox 1051 520 1129 584; x_wconf 91' lang='lat' dir='ltr'><strong>inici</strong></span> <span class='ocrx_word' id='word_1_19' title='bbox 1159 528 1299 586; x_wconf 87' lang='lat' dir='ltr'><strong>catenas</strong></span> 
     </span>
     <span class='ocr_line' id='line_1_4' title="bbox 236 635 551 716; baseline -0.003 -15"><span class='ocrx_word' id='word_1_20' title='bbox 236 638 397 701; x_wconf 75' lang='lat' dir='ltr'><strong>Flaviano</strong></span> <span class='ocrx_word' id='word_1_21' title='bbox 422 636 512 700; x_wconf 90' lang='lat' dir='ltr'><strong>iubet</strong></span> <span class='ocrx_word' id='word_1_22' title='bbox 522 635 551 716; x_wconf 86' lang='lat'><strong>;“</strong></span> 
     </span>
    </p>

    <p class='ocr_par' dir='ltr' id='par_1_3' title="bbox 149 755 1296 843">
     <span class='ocr_line' id='line_1_5' title="bbox 149 755 1296 843; baseline 0.003 -22"><span class='ocrx_word' id='word_1_23' title='bbox 149 758 234 821; x_wconf 88' lang='lat' dir='ltr'><strong>Ann.</strong></span> <span class='ocrx_word' id='word_1_24' title='bbox 258 757 317 838; x_wconf 90' lang='lat' dir='ltr'><strong>XI,</strong></span> <span class='ocrx_word' id='word_1_25' title='bbox 341 758 401 820; x_wconf 82' lang='lat'><strong>37:</strong></span> <span class='ocrx_word' id='word_1_26' title='bbox 425 755 545 838; x_wconf 77' lang='lat' dir='ltr'><strong>„Quod</strong></span> <span class='ocrx_word' id='word_1_27' title='bbox 565 757 634 821; x_wconf 91' lang='lat' dir='ltr'><strong>ubi</strong></span> <span class='ocrx_word' id='word_1_28' title='bbox 656 756 837 822; x_wconf 88' lang='lat' dir='ltr'><strong>auditum</strong></span> <span class='ocrx_word' id='word_1_29' title='bbox 870 765 902 823; x_wconf 90' lang='lat' dir='ltr'><strong>et</strong></span> <span class='ocrx_word' id='word_1_30' title='bbox 930 759 1203 840; x_wconf 83' lang='lat' dir='ltr'><strong>languescere</strong></span> <span class='ocrx_word' id='word_1_31' title='bbox 1236 762 1296 843; x_wconf 93' lang='lat' dir='ltr'><strong>ira,</strong></span> 
     </span>
    </p>

    <p class='ocr_par' dir='ltr' id='par_1_4' title="bbox 202 848 1297 1079">
     <span class='ocr_line' id='line_1_6' title="bbox 202 848 1297 960; baseline 0.005 -20"><span class='ocrx_word' id='word_1_32' title='bbox 202 848 206 855; x_wconf 20' lang='lat' dir='ltr'><em>A</em></span> <span class='ocrx_word' id='word_1_33' title='bbox 237 876 377 942; x_wconf 93' lang='lat' dir='ltr'><strong>redire</strong></span> <span class='ocrx_word' id='word_1_34' title='bbox 401 897 493 941; x_wconf 92' lang='lat' dir='ltr'><strong>amor</strong></span> <span class='ocrx_word' id='word_1_35' title='bbox 515 897 564 959; x_wconf 90' lang='lat' dir='ltr'><strong>ac,</strong></span> <span class='ocrx_word' id='word_1_36' title='bbox 583 923 590 938; x_wconf 93' lang='lat'>.</span> <span class='ocrx_word' id='word_1_37' title='bbox 608 924 614 937; x_wconf 92' lang='lat'><strong>.</strong></span> <span class='ocrx_word' id='word_1_38' title='bbox 632 924 650 959; x_wconf 90' lang='lat'><strong>.,</strong></span> <span class='ocrx_word' id='word_1_39' title='bbox 674 879 858 960; x_wconf 89' lang='lat' dir='ltr'><strong>propinqua</strong></span> <span class='ocrx_word' id='word_1_40' title='bbox 880 899 949 944; x_wconf 84' lang='lat' dir='ltr'><strong>nox</strong></span> <span class='ocrx_word' id='word_1_41' title='bbox 972 885 1005 944; x_wconf 92' lang='lat' dir='ltr'><strong>et</strong></span> <span class='ocrx_word' id='word_1_42' title='bbox 1025 878 1134 943; x_wconf 81' lang='lat' dir='ltr'><strong>uxorii</strong></span> <span class='ocrx_word' id='word_1_43' title='bbox 1149 880 1297 945; x_wconf 89' lang='lat' dir='ltr'><strong>cubiculi</strong></span> 
     </span>
     <span class='ocr_line' id='line_1_7' title="bbox 235 995 1131 1079; baseline 0.004 -20"><span class='ocrx_word' id='word_1_44' title='bbox 235 995 393 1061; x_wconf 90' lang='lat' dir='ltr'><strong>memoria</strong></span> <span class='ocrx_word' id='word_1_45' title='bbox 416 995 686 1079; x_wconf 81' lang='lat' dir='ltr'><strong>timebantur,</strong></span> <span class='ocrx_word' id='word_1_46' title='bbox 711 997 893 1079; x_wconf 85' lang='lat' dir='ltr'><strong>prorumpit</strong></span> <span class='ocrx_word' id='word_1_47' title='bbox 916 998 1131 1079; x_wconf 84' lang='lat' dir='ltr'><strong>Narcissus;“</strong></span> 
     </span>
    </p>

    <p class='ocr_par' dir='ltr' id='par_1_5' title="bbox 148 1113 1297 1675">
     <span class='ocr_line' id='line_1_8' title="bbox 148 1113 1297 1200; baseline 0.006 -23"><span class='ocrx_word' id='word_1_48' title='bbox 148 1113 229 1179; x_wconf 89' lang='lat' dir='ltr'><strong>ibid.</strong></span> <span class='ocrx_word' id='word_1_49' title='bbox 253 1115 295 1197; x_wconf 93' lang='lat' dir='ltr'><strong>II,</strong></span> <span class='ocrx_word' id='word_1_50' title='bbox 319 1117 361 1179; x_wconf 75' lang='lat'><strong>4:</strong></span> <span class='ocrx_word' id='word_1_51' title='bbox 385 1113 473 1198; x_wconf 83' lang='lat' dir='ltr'><strong>„Sed</strong></span> <span class='ocrx_word' id='word_1_52' title='bbox 495 1117 564 1181; x_wconf 92' lang='lat' dir='ltr'><strong>ubi</strong></span> <span class='ocrx_word' id='word_1_53' title='bbox 586 1117 767 1180; x_wconf 94' lang='lat' dir='ltr'><strong>minitari</strong></span> <span class='ocrx_word' id='word_1_54' title='bbox 795 1117 984 1182; x_wconf 88' lang='lat' dir='ltr'><strong>Artabanus</strong></span> <span class='ocrx_word' id='word_1_55' title='bbox 1012 1125 1044 1182; x_wconf 91' lang='lat' dir='ltr'><strong>et</strong></span> <span class='ocrx_word' id='word_1_56' title='bbox 1073 1138 1189 1200; x_wconf 89' lang='lat' dir='ltr'><strong>parum</strong></span> <span class='ocrx_word' id='word_1_57' title='bbox 1218 1121 1297 1184; x_wconf 93' lang='lat' dir='ltr'><strong>sub-</strong></span> 
     </span>
     <span class='ocr_line' id='line_1_9' title="bbox 237 1234 1295 1321; baseline 0.005 -23"><span class='ocrx_word' id='word_1_58' title='bbox 237 1234 315 1298; x_wconf 90' lang='lat' dir='ltr'><strong>sidii</strong></span> <span class='ocrx_word' id='word_1_59' title='bbox 337 1235 369 1299; x_wconf 93' lang='lat' dir='ltr'><strong>in</strong></span> <span class='ocrx_word' id='word_1_60' title='bbox 387 1235 560 1318; x_wconf 84' lang='lat' dir='ltr'><strong>Armeniis,</strong></span> <span class='ocrx_word' id='word_1_61' title='bbox 585 1237 647 1318; x_wconf 93' lang='lat' dir='ltr'><strong>vel,</strong></span> <span class='ocrx_word' id='word_1_62' title='bbox 671 1237 699 1302; x_wconf 93' lang='lat' dir='ltr'><strong>si</strong></span> <span class='ocrx_word' id='word_1_63' title='bbox 723 1243 836 1302; x_wconf 91' lang='lat' dir='ltr'><strong>nostra</strong></span> <span class='ocrx_word' id='word_1_64' title='bbox 852 1236 885 1300; x_wconf 90' lang='lat' dir='ltr'><strong>vi</strong></span> <span class='ocrx_word' id='word_1_65' title='bbox 902 1237 1144 1321; x_wconf 79' lang='lat' dir='ltr'><strong>defenderetur,</strong></span> <span class='ocrx_word' id='word_1_66' title='bbox 1168 1239 1295 1304; x_wconf 89' lang='lat' dir='ltr'><strong>bellum</strong></span> 
     </span>
     <span class='ocr_line' id='line_1_10' title="bbox 240 1353 1296 1438; baseline 0.008 -20"><span class='ocrx_word' id='word_1_67' title='bbox 240 1353 399 1420; x_wconf 90' lang='lat' dir='ltr'><strong>adversus</strong></span> <span class='ocrx_word' id='word_1_68' title='bbox 414 1356 554 1420; x_wconf 90' lang='lat' dir='ltr'><strong>Parthos</strong></span> <span class='ocrx_word' id='word_1_69' title='bbox 577 1356 811 1421; x_wconf 90' lang='lat' dir='ltr'><strong>sumendum</strong></span> <span class='ocrx_word' id='word_1_70' title='bbox 835 1362 938 1438; x_wconf 91' lang='lat' dir='ltr'><strong>erat,</strong></span> <span class='ocrx_word' id='word_1_71' title='bbox 962 1365 1069 1422; x_wconf 88' lang='lat' dir='ltr'><strong>rector</strong></span> <span class='ocrx_word' id='word_1_72' title='bbox 1085 1358 1200 1425; x_wconf 86' lang='lat' dir='ltr'><strong>Suriae</strong></span> <span class='ocrx_word' id='word_1_73' title='bbox 1216 1358 1296 1426; x_wconf 80' lang='lat' dir='ltr'><strong>Cre-</strong></span> 
     </span>
     <span class='ocr_line' id='line_1_11' title="bbox 240 1474 1297 1567; baseline 0.009 -31"><span class='ocrx_word' id='word_1_74' title='bbox 240 1475 324 1539; x_wconf 91' lang='lat' dir='ltr'><strong>ticus</strong></span> <span class='ocrx_word' id='word_1_75' title='bbox 340 1474 473 1567; x_wconf 85' lang='lat' dir='ltr'><strong>Silanus</strong></span> <span class='ocrx_word' id='word_1_76' title='bbox 490 1474 633 1539; x_wconf 84' lang='lat' dir='ltr'><strong>excitum</strong></span> <span class='ocrx_word' id='word_1_77' title='bbox 657 1474 807 1538; x_wconf 89' lang='lat' dir='ltr'><strong>custodia</strong></span> <span class='ocrx_word' id='word_1_78' title='bbox 824 1475 1014 1557; x_wconf 86' lang='lat' dir='ltr'><strong>circumdat,</strong></span> <span class='ocrx_word' id='word_1_79' title='bbox 1032 1485 1186 1544; x_wconf 87' lang='lat' dir='ltr'><strong>manente</strong></span> <span class='ocrx_word' id='word_1_80' title='bbox 1210 1479 1297 1545; x_wconf 82' lang='lat' dir='ltr'><strong>luxu</strong></span> 
     </span>
     <span class='ocr_line' id='line_1_12' title="bbox 234 1592 575 1675; baseline -0.003 -17"><span class='ocrx_word' id='word_1_81' title='bbox 234 1600 266 1658; x_wconf 92' lang='lat' dir='ltr'><strong>ct</strong></span> <span class='ocrx_word' id='word_1_82' title='bbox 293 1592 386 1675; x_wconf 86' lang='lat' dir='ltr'><strong>regio</strong></span> <span class='ocrx_word' id='word_1_83' title='bbox 411 1592 575 1657; x_wconf 84' lang='lat' dir='ltr'><strong>nomine.“</strong></span> 
     </span>
    </p>

    <p class='ocr_par' dir='ltr' id='par_1_6' title="bbox 147 1712 1297 2258">
     <span class='ocr_line' id='line_1_13' title="bbox 233 1712 1295 1800; baseline 0.005 -24"><span class='ocrx_word' id='word_1_84' title='bbox 233 1713 307 1777; x_wconf 91' lang='lat' dir='ltr'><strong>Huc</strong></span> <span class='ocrx_word' id='word_1_85' title='bbox 331 1712 510 1778; x_wconf 90' lang='lat' dir='ltr'><strong>addendus</strong></span> <span class='ocrx_word' id='word_1_86' title='bbox 535 1720 620 1778; x_wconf 91' lang='lat' dir='ltr'><strong>esset</strong></span> <span class='ocrx_word' id='word_1_87' title='bbox 644 1714 742 1779; x_wconf 91' lang='lat' dir='ltr'><strong>etiam</strong></span> <span class='ocrx_word' id='word_1_88' title='bbox 766 1722 901 1797; x_wconf 89' lang='lat' dir='ltr'><strong>quartus</strong></span> <span class='ocrx_word' id='word_1_89' title='bbox 923 1716 1015 1778; x_wconf 92' lang='lat' dir='ltr'><strong>locus</strong></span> <span class='ocrx_word' id='word_1_90' title='bbox 1039 1715 1124 1778; x_wconf 88' lang='lat' dir='ltr'><strong>Ann.</strong></span> <span class='ocrx_word' id='word_1_91' title='bbox 1140 1714 1216 1798; x_wconf 90' lang='lat' dir='ltr'>XII,</span> <span class='ocrx_word' id='word_1_92' title='bbox 1239 1718 1295 1800; x_wconf 84' lang='lat'><strong>51,</strong></span> 
     </span>
     <span class='ocr_line' id='line_1_14' title="bbox 148 1832 1297 1918; baseline 0.005 -21"><span class='ocrx_word' id='word_1_93' title='bbox 148 1832 176 1897; x_wconf 91' lang='lat' dir='ltr'><strong>si</strong></span> <span class='ocrx_word' id='word_1_94' title='bbox 206 1833 336 1897; x_wconf 84' lang='lat' dir='ltr'><strong>Halmio</strong></span> <span class='ocrx_word' id='word_1_95' title='bbox 361 1833 570 1914; x_wconf 87' lang='lat' dir='ltr'><strong>obloquente,</strong></span> <span class='ocrx_word' id='word_1_96' title='bbox 594 1834 650 1916; x_wconf 91' lang='lat' dir='ltr'><strong>qui</strong></span> <span class='ocrx_word' id='word_1_97' title='bbox 669 1835 765 1917; x_wconf 91' lang='lat' dir='ltr'><strong>legit:</strong></span> <span class='ocrx_word' id='word_1_98' title='bbox 789 1842 884 1917; x_wconf 91' lang='lat' dir='ltr'><strong>„post</strong></span> <span class='ocrx_word' id='word_1_99' title='bbox 901 1833 1109 1900; x_wconf 86' lang='lat' dir='ltr'><strong>festinatione</strong></span> <span class='ocrx_word' id='word_1_100' title='bbox 1127 1836 1297 1918; x_wconf 91' lang='lat' dir='ltr'><strong>continua,</strong></span> 
     </span>
     <span class='ocr_line' id='line_1_15' title="bbox 151 1952 1296 2038; baseline 0.006 -22"><span class='ocrx_word' id='word_1_101' title='bbox 151 1953 217 2016; x_wconf 92' lang='lat' dir='ltr'><strong>ubi</strong></span> <span class='ocrx_word' id='word_1_102' title='bbox 250 1952 436 2032; x_wconf 90' lang='lat' dir='ltr'><strong>quatitur</strong></span> <span class='ocrx_word' id='word_1_103' title='bbox 464 1959 576 2017; x_wconf 89' lang='lat' dir='ltr'><strong>uterus</strong></span> <span class='ocrx_word' id='word_1_104' title='bbox 600 1960 632 2018; x_wconf 90' lang='lat' dir='ltr'><strong>et</strong></span> <span class='ocrx_word' id='word_1_105' title='bbox 662 1953 790 2019; x_wconf 90' lang='lat' dir='ltr'><strong>viscera</strong></span> <span class='ocrx_word' id='word_1_106' title='bbox 820 1953 1066 2018; x_wconf 87' lang='lat' dir='ltr'><strong>vibrantur.</strong></span> <span class='ocrx_word' id='word_1_107' title='bbox 1098 2003 1105 2018; x_wconf 93' lang='lat'>.</span> <span class='ocrx_word' id='word_1_108' title='bbox 1136 1956 1183 2038; x_wconf 85' lang='lat'><strong>.,“</strong></span> <span class='ocrx_word' id='word_1_109' title='bbox 1218 1977 1296 2023; x_wconf 90' lang='lat' dir='ltr'><strong>curn</strong></span> 
     </span>
     <span class='ocr_line' id='line_1_16' title="bbox 147 2071 1296 2158; baseline 0.007 -23"><span class='ocrx_word' id='word_1_110' title='bbox 147 2071 382 2137; x_wconf 92' lang='lat' dir='ltr'><strong>Doederleinio</strong></span> <span class='ocrx_word' id='word_1_111' title='bbox 419 2071 562 2153; x_wconf 91' lang='lat' dir='ltr'><strong>aliisque</strong></span> <span class='ocrx_word' id='word_1_112' title='bbox 597 2072 743 2155; x_wconf 87' lang='lat' dir='ltr'><strong>legenda</strong></span> <span class='ocrx_word' id='word_1_113' title='bbox 776 2079 899 2138; x_wconf 86' lang='lat' dir='ltr'><strong>essent:</strong></span> <span class='ocrx_word' id='word_1_114' title='bbox 934 2122 965 2155; x_wconf 91' lang='lat'><strong>„.</strong></span> <span class='ocrx_word' id='word_1_115' title='bbox 997 2122 1004 2136; x_wconf 91' lang='lat'><strong>.</strong></span> <span class='ocrx_word' id='word_1_116' title='bbox 1036 2123 1042 2137; x_wconf 92' lang='lat'><strong>.</strong></span> <span class='ocrx_word' id='word_1_117' title='bbox 1073 2075 1141 2139; x_wconf 92' lang='lat' dir='ltr'><strong>ubi</strong></span> <span class='ocrx_word' id='word_1_118' title='bbox 1176 2080 1296 2158; x_wconf 91' lang='lat' dir='ltr'><strong>quati</strong></span> 
     </span>
     <span class='ocr_line' id='line_1_17' title="bbox 148 2193 777 2258; baseline 0.005 -3"><span class='ocrx_word' id='word_1_119' title='bbox 148 2199 260 2258; x_wconf 91' lang='lat' dir='ltr'><strong>uterus</strong></span> <span class='ocrx_word' id='word_1_120' title='bbox 284 2199 316 2258; x_wconf 91' lang='lat' dir='ltr'><strong>et</strong></span> <span class='ocrx_word' id='word_1_121' title='bbox 339 2194 467 2258; x_wconf 87' lang='lat' dir='ltr'><strong>viscera</strong></span> <span class='ocrx_word' id='word_1_122' title='bbox 490 2193 660 2258; x_wconf 85' lang='lat' dir='ltr'><strong>vibrantur</strong></span> <span class='ocrx_word' id='word_1_123' title='bbox 684 2242 690 2256; x_wconf 91' lang='lat'><strong>.</strong></span> <span class='ocrx_word' id='word_1_124' title='bbox 716 2240 723 2254; x_wconf 89' lang='lat'><em>.</em></span> <span class='ocrx_word' id='word_1_125' title='bbox 748 2194 777 2256; x_wconf 88' lang='lat'><strong>.“</strong></span> 
     </span>
    </p>
   </div>
   <div class='ocr_carea' id='block_1_3' title="bbox 147 2326 1305 3985">
    <p class='ocr_par' dir='ltr' id='par_1_7' title="bbox 147 2326 1293 2548">
     <span class='ocr_line' id='line_1_18' title="bbox 235 2326 1293 2431; baseline 0.006 -22"><span class='ocrx_word' id='word_1_126' title='bbox 235 2345 380 2426; x_wconf 85' lang='lat' dir='ltr'><strong>Singulis</strong></span> <span class='ocrx_word' id='word_1_127' title='bbox 402 2326 484 2410; x_wconf 90' lang='lat' dir='ltr'><strong>locis</strong></span> <span class='ocrx_word' id='word_1_128' title='bbox 506 2347 567 2411; x_wconf 91' lang='lat' dir='ltr'><strong>iste</strong></span> <span class='ocrx_word' id='word_1_129' title='bbox 596 2345 752 2410; x_wconf 91' lang='lat' dir='ltr'><strong>narrandi</strong></span> <span class='ocrx_word' id='word_1_130' title='bbox 781 2346 897 2412; x_wconf 91' lang='lat' dir='ltr'><strong>modus</strong></span> <span class='ocrx_word' id='word_1_131' title='bbox 920 2346 1085 2412; x_wconf 87' lang='lat' dir='ltr'><strong>invenitur</strong></span> <span class='ocrx_word' id='word_1_132' title='bbox 1114 2355 1187 2431; x_wconf 91' lang='lat' dir='ltr'><strong>post</strong></span> <span class='ocrx_word' id='word_1_133' title='bbox 1212 2369 1293 2415; x_wconf 90' lang='lat' dir='ltr'><strong>con-</strong></span> 
     </span>
     <span class='ocr_line' id='line_1_19' title="bbox 147 2463 831 2548; baseline 0.006 -21"><span class='ocrx_word' id='word_1_134' title='bbox 147 2463 331 2531; x_wconf 91' lang='lat' dir='ltr'><strong>iunctiones</strong></span> <span class='ocrx_word' id='word_1_135' title='bbox 354 2463 578 2548; x_wconf 85' lang='lat' dir='ltr'><strong>postquam,</strong></span> <span class='ocrx_word' id='word_1_136' title='bbox 605 2473 659 2548; x_wconf 91' lang='lat' dir='ltr'><strong>ut,</strong></span> <span class='ocrx_word' id='word_1_137' title='bbox 685 2465 831 2533; x_wconf 87' lang='lat' dir='ltr'><strong>donec:</strong></span> 
     </span>
    </p>

    <p class='ocr_par' dir='ltr' id='par_1_8' title="bbox 147 2583 1305 2902">
     <span class='ocr_line' id='line_1_20' title="bbox 147 2583 1292 2671; baseline 0.009 -25"><span class='ocrx_word' id='word_1_138' title='bbox 147 2584 232 2648; x_wconf 81' lang='lat' dir='ltr'><strong>Ann.</strong></span> <span class='ocrx_word' id='word_1_139' title='bbox 255 2583 315 2661; x_wconf 93' lang='lat' dir='ltr'><strong>III,</strong></span> <span class='ocrx_word' id='word_1_140' title='bbox 341 2585 398 2648; x_wconf 73' lang='lat'><strong>26:</strong></span> <span class='ocrx_word' id='word_1_141' title='bbox 423 2587 488 2668; x_wconf 88' lang='lat' dir='ltr'><strong>„At</strong></span> <span class='ocrx_word' id='word_1_142' title='bbox 510 2593 724 2668; x_wconf 86' lang='lat' dir='ltr'><strong>postquam</strong></span> <span class='ocrx_word' id='word_1_143' title='bbox 747 2589 843 2654; x_wconf 88' lang='lat' dir='ltr'><strong>exui</strong></span> <span class='ocrx_word' id='word_1_144' title='bbox 868 2588 1054 2671; x_wconf 87' lang='lat' dir='ltr'><strong>aequalitas</strong></span> <span class='ocrx_word' id='word_1_145' title='bbox 1084 2595 1116 2655; x_wconf 88' lang='lat' dir='ltr'><strong>et</strong></span> <span class='ocrx_word' id='word_1_146' title='bbox 1139 2609 1198 2671; x_wconf 93' lang='lat' dir='ltr'><strong>pro</strong></span> <span class='ocrx_word' id='word_1_147' title='bbox 1222 2611 1292 2656; x_wconf 90' lang='lat' dir='ltr'><strong>mo·</strong></span> 
     </span>
     <span class='ocr_line' id='line_1_21' title="bbox 236 2702 1291 2787; baseline 0.006 -21"><span class='ocrx_word' id='word_1_148' title='bbox 236 2702 344 2768; x_wconf 88' lang='lat' dir='ltr'><strong>destia</strong></span> <span class='ocrx_word' id='word_1_149' title='bbox 366 2723 406 2767; x_wconf 89' lang='lat' dir='ltr'><strong>ac</strong></span> <span class='ocrx_word' id='word_1_150' title='bbox 429 2702 553 2780; x_wconf 90' lang='lat' dir='ltr'><strong>pudore</strong></span> <span class='ocrx_word' id='word_1_151' title='bbox 569 2703 705 2767; x_wconf 89' lang='lat' dir='ltr'><strong>ambitio</strong></span> <span class='ocrx_word' id='word_1_152' title='bbox 725 2710 757 2768; x_wconf 90' lang='lat' dir='ltr'><strong>et</strong></span> <span class='ocrx_word' id='word_1_153' title='bbox 773 2703 822 2768; x_wconf 93' lang='lat' dir='ltr'><strong>vis</strong></span> <span class='ocrx_word' id='word_1_154' title='bbox 845 2702 1084 2787; x_wconf 90' lang='lat' dir='ltr'><strong>incedebat,</strong></span> <span class='ocrx_word' id='word_1_155' title='bbox 1108 2725 1291 2786; x_wconf 85' lang='lat' dir='ltr'><strong>provenere</strong></span> 
     </span>
     <span class='ocr_line' id='line_1_22' title="bbox 236 2796 1305 2902; baseline 0.004 -16"><span class='ocrx_word' id='word_1_156' title='bbox 236 2820 507 2886; x_wconf 87' lang='lat' dir='ltr'><strong>dominationes.</strong></span> <span class='ocrx_word' id='word_1_157' title='bbox 532 2870 540 2885; x_wconf 90' lang='lat'><strong>.</strong></span> <span class='ocrx_word' id='word_1_158' title='bbox 565 2822 610 2902; x_wconf 79' lang='lat'><strong>.3“</strong></span> <span class='ocrx_word' id='word_1_159' title='bbox 1302 2796 1305 2805; x_wconf 27' lang='grc' dir='ltr'><strong>Ι</strong></span> 
     </span>
    </p>

    <p class='ocr_par' dir='ltr' id='par_1_9' title="bbox 147 2941 1289 3257">
     <span class='ocr_line' id='line_1_23' title="bbox 147 2941 1289 3028; baseline 0.005 -23"><span class='ocrx_word' id='word_1_160' title='bbox 147 2941 231 3008; x_wconf 88' lang='lat' dir='ltr'><strong>Hist.</strong></span> <span class='ocrx_word' id='word_1_161' title='bbox 255 2942 314 3023; x_wconf 92' lang='lat' dir='ltr'><strong>III,</strong></span> <span class='ocrx_word' id='word_1_162' title='bbox 338 2941 394 3004; x_wconf 85' lang='lat'><strong>31:</strong></span> <span class='ocrx_word' id='word_1_163' title='bbox 420 2990 427 3023; x_wconf 92' lang='lat'><strong>,</strong></span> <span class='ocrx_word' id='word_1_164' title='bbox 432 2988 548 3020; x_wconf 84' lang='lat'><strong>.....</strong></span> <span class='ocrx_word' id='word_1_165' title='bbox 571 2961 659 3023; x_wconf 84' lang='lat' dir='ltr'><strong>mox,</strong></span> <span class='ocrx_word' id='word_1_166' title='bbox 689 2947 732 3005; x_wconf 87' lang='lat' dir='ltr'><strong>ut</strong></span> <span class='ocrx_word' id='word_1_167' title='bbox 760 2943 956 3024; x_wconf 91' lang='lat' dir='ltr'><strong>praeberi</strong></span> <span class='ocrx_word' id='word_1_168' title='bbox 985 2964 1042 3008; x_wconf 91' lang='lat' dir='ltr'><strong>ora</strong></span> <span class='ocrx_word' id='word_1_169' title='bbox 1072 2945 1289 3028; x_wconf 90' lang='lat' dir='ltr'><strong>contumeliis,</strong></span> 
     </span>
     <span class='ocr_line' id='line_1_24' title="bbox 235 3057 1289 3147; baseline 0.003 -22"><span class='ocrx_word' id='word_1_170' title='bbox 235 3067 268 3126; x_wconf 89' lang='lat' dir='ltr'><strong>et</strong></span> <span class='ocrx_word' id='word_1_171' title='bbox 305 3058 414 3142; x_wconf 88' lang='lat' dir='ltr'><strong>posita</strong></span> <span class='ocrx_word' id='word_1_172' title='bbox 449 3058 537 3123; x_wconf 95' lang='lat' dir='ltr'><strong>omni</strong></span> <span class='ocrx_word' id='word_1_173' title='bbox 571 3057 696 3124; x_wconf 88' lang='lat' dir='ltr'><strong>ferocia</strong></span> <span class='ocrx_word' id='word_1_174' title='bbox 731 3066 851 3125; x_wconf 86' lang='lat' dir='ltr'><strong>cuncta</strong></span> <span class='ocrx_word' id='word_1_175' title='bbox 884 3060 964 3126; x_wconf 87' lang='lat' dir='ltr'><strong>victi</strong></span> <span class='ocrx_word' id='word_1_176' title='bbox 1003 3063 1289 3147; x_wconf 87' lang='lat' dir='ltr'><strong>patiebantur,</strong></span> 
     </span>
     <span class='ocr_line' id='line_1_25' title="bbox 235 3168 869 3257; baseline -0.002 -13"><span class='ocrx_word' id='word_1_177' title='bbox 235 3178 323 3244; x_wconf 90' lang='lat' dir='ltr'><strong>subit</strong></span> <span class='ocrx_word' id='word_1_178' title='bbox 345 3176 530 3242; x_wconf 90' lang='lat' dir='ltr'><strong>recordatio</strong></span> <span class='ocrx_word' id='word_1_179' title='bbox 555 3225 562 3239; x_wconf 92' lang='lat'><strong>.</strong></span> <span class='ocrx_word' id='word_1_180' title='bbox 588 3226 595 3241; x_wconf 91' lang='lat'><strong>.</strong></span> <span class='ocrx_word' id='word_1_181' title='bbox 622 3227 629 3241; x_wconf 91' lang='lat'><strong>.</strong></span> <span class='ocrx_word' id='word_1_182' title='bbox 652 3178 699 3257; x_wconf 86' lang='lat'><strong>.;“</strong></span> <span class='ocrx_word' id='word_1_183' title='bbox 866 3168 869 3175; x_wconf 68' lang='grc'><strong>’</strong></span> 
     </span>
    </p>

    <p class='ocr_par' dir='ltr' id='par_1_10' title="bbox 149 3297 1291 3985">
     <span class='ocr_line' id='line_1_26' title="bbox 149 3297 1290 3387; baseline 0.005 -25"><span class='ocrx_word' id='word_1_184' title='bbox 149 3300 235 3362; x_wconf 88' lang='lat' dir='ltr'><strong>Ann.</strong></span> <span class='ocrx_word' id='word_1_185' title='bbox 259 3297 352 3377; x_wconf 90' lang='lat' dir='ltr'><strong>XIII,</strong></span> <span class='ocrx_word' id='word_1_186' title='bbox 376 3297 434 3361; x_wconf 78' lang='lat'><strong>57:</strong></span> <span class='ocrx_word' id='word_1_187' title='bbox 459 3297 597 3378; x_wconf 89' lang='lat' dir='ltr'><strong>„Neque</strong></span> <span class='ocrx_word' id='word_1_188' title='bbox 621 3297 773 3381; x_wconf 81' lang='lat' dir='ltr'><strong>extingui</strong></span> <span class='ocrx_word' id='word_1_189' title='bbox 797 3304 952 3381; x_wconf 91' lang='lat' dir='ltr'><strong>poterant</strong></span> <span class='ocrx_word' id='word_1_190' title='bbox 975 3298 1059 3383; x_wconf 87' lang='lat' dir='ltr'><strong>(scil.</strong></span> <span class='ocrx_word' id='word_1_191' title='bbox 1083 3299 1199 3387; x_wconf 89' lang='lat' dir='ltr'><strong>ignes),</strong></span> <span class='ocrx_word' id='word_1_192' title='bbox 1223 3323 1290 3368; x_wconf 93' lang='lat' dir='ltr'><strong>non</strong></span> 
     </span>
     <span class='ocr_line' id='line_1_27' title="bbox 238 3416 1290 3502; baseline 0.004 -19"><span class='ocrx_word' id='word_1_193' title='bbox 238 3417 265 3483; x_wconf 92' lang='lat' dir='ltr'><strong>si</strong></span> <span class='ocrx_word' id='word_1_194' title='bbox 288 3417 409 3482; x_wconf 90' lang='lat' dir='ltr'><strong>imbres</strong></span> <span class='ocrx_word' id='word_1_195' title='bbox 432 3416 598 3495; x_wconf 90' lang='lat' dir='ltr'><strong>caderent,</strong></span> <span class='ocrx_word' id='word_1_196' title='bbox 623 3436 688 3482; x_wconf 91' lang='lat' dir='ltr'><strong>non</strong></span> <span class='ocrx_word' id='word_1_197' title='bbox 712 3416 902 3482; x_wconf 89' lang='lat' dir='ltr'><strong>fluvialibus</strong></span> <span class='ocrx_word' id='word_1_198' title='bbox 925 3418 1019 3500; x_wconf 88' lang='lat' dir='ltr'><strong>aquis</strong></span> <span class='ocrx_word' id='word_1_199' title='bbox 1042 3425 1100 3482; x_wconf 87' lang='lat' dir='ltr'><strong>aut</strong></span> <span class='ocrx_word' id='word_1_200' title='bbox 1129 3441 1193 3502; x_wconf 92' lang='lat' dir='ltr'><strong>quo</strong></span> <span class='ocrx_word' id='word_1_201' title='bbox 1222 3422 1290 3489; x_wconf 91' lang='lat' dir='ltr'><strong>alio</strong></span> 
     </span>
     <span class='ocr_line' id='line_1_28' title="bbox 234 3535 1290 3622; baseline 0.006 -23"><span class='ocrx_word' id='word_1_202' title='bbox 234 3537 381 3615; x_wconf 90' lang='lat' dir='ltr'><strong>humore,</strong></span> <span class='ocrx_word' id='word_1_203' title='bbox 406 3535 537 3601; x_wconf 91' lang='lat' dir='ltr'><strong>donec</strong></span> <span class='ocrx_word' id='word_1_204' title='bbox 560 3536 675 3620; x_wconf 84' lang='lat' dir='ltr'><strong>inopia</strong></span> <span class='ocrx_word' id='word_1_205' title='bbox 697 3537 915 3604; x_wconf 90' lang='lat' dir='ltr'><strong>remediorum</strong></span> <span class='ocrx_word' id='word_1_206' title='bbox 938 3543 972 3603; x_wconf 86' lang='lat' dir='ltr'><strong>et</strong></span> <span class='ocrx_word' id='word_1_207' title='bbox 995 3537 1046 3602; x_wconf 90' lang='lat' dir='ltr'><strong>ira</strong></span> <span class='ocrx_word' id='word_1_208' title='bbox 1068 3538 1173 3604; x_wconf 89' lang='lat' dir='ltr'><strong>cladis</strong></span> <span class='ocrx_word' id='word_1_209' title='bbox 1195 3562 1290 3622; x_wconf 88' lang='lat' dir='ltr'><strong>agre-</strong></span> 
     </span>
     <span class='ocr_line' id='line_1_29' title="bbox 235 3655 1291 3740; baseline 0.008 -19"><span class='ocrx_word' id='word_1_210' title='bbox 235 3662 302 3721; x_wconf 90' lang='lat' dir='ltr'><strong>stes</strong></span> <span class='ocrx_word' id='word_1_211' title='bbox 331 3655 464 3738; x_wconf 90' lang='lat' dir='ltr'><strong>quidam</strong></span> <span class='ocrx_word' id='word_1_212' title='bbox 495 3656 623 3722; x_wconf 88' lang='lat' dir='ltr'><strong>eminus</strong></span> <span class='ocrx_word' id='word_1_213' title='bbox 652 3677 735 3722; x_wconf 88' lang='lat' dir='ltr'><strong>saxa</strong></span> <span class='ocrx_word' id='word_1_214' title='bbox 764 3657 919 3740; x_wconf 86' lang='lat' dir='ltr'><strong>iacere,</strong></span> <span class='ocrx_word' id='word_1_215' title='bbox 950 3656 1024 3721; x_wconf 91' lang='lat' dir='ltr'><strong>dein</strong></span> <span class='ocrx_word' id='word_1_216' title='bbox 1060 3656 1291 3729; x_wconf 85' lang='lat' dir='ltr'><strong>resistentibus</strong></span> 
     </span>
     <span class='ocr_line' id='line_1_30' title="bbox 237 3774 1289 3860; baseline 0.006 -22"><span class='ocrx_word' id='word_1_217' title='bbox 237 3774 375 3841; x_wconf 91' lang='lat' dir='ltr'><strong>flammis</strong></span> <span class='ocrx_word' id='word_1_218' title='bbox 409 3776 544 3859; x_wconf 87' lang='lat' dir='ltr'><strong>propius</strong></span> <span class='ocrx_word' id='word_1_219' title='bbox 577 3777 743 3860; x_wconf 79' lang='lat' dir='ltr'><strong>suggressi</strong></span> <span class='ocrx_word' id='word_1_220' title='bbox 777 3777 845 3842; x_wconf 92' lang='lat' dir='ltr'><strong>ictu</strong></span> <span class='ocrx_word' id='word_1_221' title='bbox 879 3776 1013 3841; x_wconf 87' lang='lat' dir='ltr'><strong>fustium</strong></span> <span class='ocrx_word' id='word_1_222' title='bbox 1046 3775 1186 3860; x_wconf 86' lang='lat' dir='ltr'><strong>aliisque</strong></span> <span class='ocrx_word' id='word_1_223' title='bbox 1216 3801 1289 3846; x_wconf 85' lang='lat' dir='ltr'><strong>ver-</strong></span> 
     </span>
     <span class='ocr_line' id='line_1_31' title="bbox 234 3893 892 3985; baseline 0 -26"><span class='ocrx_word' id='word_1_224' title='bbox 234 3893 368 3960; x_wconf 91' lang='lat' dir='ltr'><strong>beribus</strong></span> <span class='ocrx_word' id='word_1_225' title='bbox 390 3902 426 3960; x_wconf 92' lang='lat' dir='ltr'><strong>ut</strong></span> <span class='ocrx_word' id='word_1_226' title='bbox 449 3895 537 3962; x_wconf 87' lang='lat' dir='ltr'><strong>feras</strong></span> <span class='ocrx_word' id='word_1_227' title='bbox 561 3896 892 3985; x_wconf 84' lang='lat' dir='ltr'><strong>absterrebant.“</strong></span> 
     </span>
    </p>
   </div>
   <div class='ocr_carea' id='block_1_4' title="bbox 148 4045 1289 4356">
    <p class='ocr_par' dir='ltr' id='par_1_11' title="bbox 148 4045 1289 4356">
     <span class='ocr_line' id='line_1_32' title="bbox 235 4045 1289 4133; baseline 0.008 -23"><span class='ocrx_word' id='word_1_228' title='bbox 235 4045 439 4130; x_wconf 80' lang='lat' dir='ltr'><strong>Quamquam</strong></span> <span class='ocrx_word' id='word_1_229' title='bbox 476 4050 576 4133; x_wconf 92' lang='lat' dir='ltr'><strong>igitur</strong></span> <span class='ocrx_word' id='word_1_230' title='bbox 605 4051 709 4131; x_wconf 92' lang='lat' dir='ltr'><strong>primo</strong></span> <span class='ocrx_word' id='word_1_231' title='bbox 740 4054 838 4129; x_wconf 83' lang='lat' dir='ltr'><strong>atque</strong></span> <span class='ocrx_word' id='word_1_232' title='bbox 867 4049 973 4114; x_wconf 90' lang='lat' dir='ltr'><strong>altero</strong></span> <span class='ocrx_word' id='word_1_233' title='bbox 1002 4050 1113 4116; x_wconf 92' lang='lat' dir='ltr'><strong>horum</strong></span> <span class='ocrx_word' id='word_1_234' title='bbox 1142 4052 1289 4118; x_wconf 91' lang='lat' dir='ltr'><strong>locorum</strong></span> 
     </span>
     <span class='ocr_line' id='line_1_33' title="bbox 149 4164 1288 4251; baseline 0.006 -20"><span class='ocrx_word' id='word_1_235' title='bbox 149 4164 246 4251; x_wconf 86' lang='lat' dir='ltr'><strong>(Hist.</strong></span> <span class='ocrx_word' id='word_1_236' title='bbox 271 4166 328 4248; x_wconf 91' lang='lat' dir='ltr'><strong>III,</strong></span> <span class='ocrx_word' id='word_1_237' title='bbox 355 4170 395 4232; x_wconf 85' lang='lat'><strong>10</strong></span> <span class='ocrx_word' id='word_1_238' title='bbox 417 4174 450 4232; x_wconf 89' lang='lat' dir='ltr'><strong>et</strong></span> <span class='ocrx_word' id='word_1_239' title='bbox 472 4169 557 4234; x_wconf 82' lang='lat' dir='ltr'><strong>Ann.</strong></span> <span class='ocrx_word' id='word_1_240' title='bbox 581 4167 640 4250; x_wconf 91' lang='lat' dir='ltr'><strong>XI,</strong></span> <span class='ocrx_word' id='word_1_241' title='bbox 664 4165 720 4251; x_wconf 80' lang='lat'><strong>37)</strong></span> <span class='ocrx_word' id='word_1_242' title='bbox 743 4166 834 4232; x_wconf 92' lang='lat' dir='ltr'><strong>credi</strong></span> <span class='ocrx_word' id='word_1_243' title='bbox 857 4175 981 4251; x_wconf 90' lang='lat' dir='ltr'><strong>potest,</strong></span> <span class='ocrx_word' id='word_1_244' title='bbox 1005 4171 1155 4236; x_wconf 84' lang='lat' dir='ltr'><strong>Tacitum</strong></span> <span class='ocrx_word' id='word_1_245' title='bbox 1179 4170 1288 4238; x_wconf 90' lang='lat' dir='ltr'><strong>studio</strong></span> 
     </span>
     <span class='ocr_line' id='line_1_34' title="bbox 148 4285 1288 4356; baseline 0.006 -7"><span class='ocrx_word' id='word_1_246' title='bbox 148 4285 324 4351; x_wconf 89' lang='lat' dir='ltr'><strong>verborum</strong></span> <span class='ocrx_word' id='word_1_247' title='bbox 353 4285 614 4351; x_wconf 88' lang='lat' dir='ltr'><strong>inchoativorum</strong></span> <span class='ocrx_word' id='word_1_248' title='bbox 643 4287 676 4350; x_wconf 95' lang='lat' dir='ltr'><strong>in</strong></span> <span class='ocrx_word' id='word_1_249' title='bbox 705 4285 858 4352; x_wconf 91' lang='lat' dir='ltr'><strong>infinitivi</strong></span> <span class='ocrx_word' id='word_1_250' title='bbox 888 4287 1033 4354; x_wconf 86' lang='lat' dir='ltr'><strong>historici</strong></span> <span class='ocrx_word' id='word_1_251' title='bbox 1064 4289 1168 4356; x_wconf 84' lang='lat' dir='ltr'><strong>forma</strong></span> <span class='ocrx_word' id='word_1_252' title='bbox 1196 4291 1288 4356; x_wconf 90' lang='lat' dir='ltr'><strong>adhi-</strong></span> 
     </span>
    </p>
   </div>
   <div class='ocr_carea' id='block_1_5' title="bbox 159 4400 305 4480">
    <p class='ocr_par' dir='ltr' id='par_1_12' title="bbox 159 4400 305 4480">
     <span class='ocr_line' id='line_1_35' title="bbox 159 4400 305 4480; baseline 0 0"><span class='ocrx_word' id='word_1_253' title='bbox 159 4400 305 4480; x_wconf 66' lang='lat' dir='ltr'>A</span> 
     </span>
    </p>
   </div>
   <div class='ocr_carea' id='block_1_6' title="bbox 0 0 1444 4762">
    <p class='ocr_par' dir='ltr' id='par_1_13' title="bbox 0 0 1444 4762">
     <span class='ocr_line' id='line_1_36' title="bbox 0 0 1444 4762; baseline 0 0"><span class='ocrx_word' id='word_1_254' title='bbox 0 0 1444 4762; x_wconf 95' lang='lat' dir='ltr'><strong> </strong></span> 
     </span>
    </p>
   </div>
  </div>
 </body>
</html>
