2880 4762
665 234 705 298 27

157 403 194 490 b)
225 403 336 480 Quae
370 406 497 470 verba
526 400 633 487 apud
661 409 875 486 utrumque
909 404 1151 486 scriptorem
1187 424 1254 487 pa-

489 524 590 591 riter
611 524 885 606 reperiantur.
920 560 923 568 ·

202 645 277 710 Jam
302 664 381 710 vero
405 644 553 732 venimus
576 643 620 708 ad
643 644 808 726 eaverha,
833 662 918 724 quae
942 643 1133 709 aSallustio
1156 642 1254 709 toties

115 763 327 849 adhibentur,
352 764 481 847 quoties
503 784 524 828 a
546 764 672 828 Tacito.
717 764 809 830 Haec
832 765 934 830 verba
957 770 1046 829 sunt:

113 905 252 968 agere,
289 884 482 966 caedere,
519 904 681 967 capere,
719 882 881 967 cedere,
918 883 1041 967 ciere,
1073 904 1252 962 currere,

114 1006 226 1089 dare,
249 1004 425 1086 hortari,
449 1004 508 1069 ire
532 1003 716 1088 (aliquanto
733 1003 866 1087 saepius
882 1003 972 1086 apud
984 1004 1137 1068 Tacitum
1154 1024 1252 1086 quam

113 1123 432 1209 apudSallustium),
450 1124 618 1206 laetari,
641 1124 772 1206 loqui,
796 1144 973 1206 monere,
997 1123 1094 1207 niti,
1119 1144 1251 1204 orare,

112 1254 272 1330 petere,
297 1264 516 1327 quaerere,
540 1264 876 1327 rapere,regere,
895 1263 1099 1326 rumpere,
1124 1244 1252 1327 sequi,

113 1367 278 1448 sistere,
308 1365 468 1448 spicere
493 1363 688 1449 (spectare),
725 1371 851 1445 stare,
886 1363 1058 1429 tendere
1090 1363 1252 1448 (tentare),

112 1495 269 1569 tenere,
293 1492 469 1568 terrere,
492 1486 657 1568 tollere,
688 1485 871 1564 turbare,
902 1483 1066 1566 venire,
1090 1464 1253 1550 vertere

111 1604 279 1691 (versare).

156 1760 187 1844 c)
212 1759 323 1837 Quae
346 1760 472 1826 verba
495 1760 543 1824 ah
567 1761 771 1854 alterutro
788 1758 985 1823 adhibita
1007 1757 1089 1823 sint
1113 1760 1209 1823 solo.

201 1878 349 1943 Similem
377 1897 521 1942 amorem
549 1897 589 1941 ac
617 1879 792 1944 verborum
816 1877 1065 1966 compositorum
1088 1886 1252 1961 —atque

85 2063 89 2069 ,
112 1998 160 2062 ita
189 1995 233 2061 ad
256 1997 386 2062 tertiam
416 1995 512 2062 huius
541 1998 796 2081 enumerationis
830 2005 971 2080 partem,
1001 1997 1044 2062 ad
1073 2019 1112 2063 ea
1141 1999 1252 2078 verba,

112 2117 232 2201 quibus
255 2119 338 2182 alter
361 2117 462 2182 utitur
485 2120 591 2200 solus,
620 2119 828 2201 pervenimus
856 2154 899 2164 —
926 2119 960 2181 in
989 2117 1106 2182 Tacito
1135 2137 1252 2200 cogno-

114 2238 234 2304 scimus
262 2237 439 2303 verborum
474 2238 753 2321 inchoativorum;
789 2237 929 2303 adscivit
966 2237 1053 2302 enim
1087 2236 1252 2303 inarde-

114 2378 244 2441 scere,
287 2360 536 2440 clarescere,
572 2357 831 2439 crudescere,
874 2357 1067 2440 gliscere,
1107 2378 1252 2440 grave-

111 2498 240 2560 scere,
271 2477 542 2560 resipiscere,
566 2479 800 2557 valescere,
825 2477 1143 2563 adhaerescere,
1168 2482 1252 2544 lan-

112 2618 325 2682 guescere,
362 2604 606 2680 torpescere
642 2594 788 2680 (praeter
820 2604 950 2680 torpere
990 2598 1074 2662 Hist.
1109 2601 1150 2682 ΙΙ,
1186 2598 1252 2684 29),

45 2735 47 2738 ·
114 2736 356 2800 pavescere,
382 2738 425 2782 ex
460 2717 580 2801 quibus
615 2718 757 2798 nullum,
793 2739 834 2783 ne
864 2718 898 2780 in
921 2716 996 2782 aliis
1025 2719 1159 2800 quidem
1188 2719 1252 2784 for·

32 2832 35 2836 ⁴
112 2837 188 2920 mis,
225 2838 287 2902 nisi
316 2837 530 2902 novissimum
565 2837 654 2921 apud
689 2837 883 2903 Sallustium
916 2837 1054 2922 legitur3
1090 2839 1252 2923 requie-

113 2978 227 3024 scere
250 2958 352 3024 verbo
376 2965 496 3039 autem,
521 2958 610 3041 quod
633 2957 739 3023 forma
762 2964 897 3041 tantum,
922 2979 986 3023 non
1002 2946 1100 3024 sensu
1123 2960 1253 3026 inchoa-

113 3078 214 3143 tivum
248 3077 436 3142 habendum
471 3085 536 3162 est,
567 3078 743 3143 Sallustius
765 3080 889 3158 semel,
925 3078 1059 3144 Tacitus
1093 3100 1159 3144 non
1193 3081 1252 3145 uti-

112 3205 174 3264 tur.
206 3199 386 3264 Praeterea
415 3199 630 3264 inveniuntur
657 3198 746 3280 apud
773 3199 925 3263 Tacitum
964 3200 1069 3263 solum
1101 3199 1256 3264 infinitivi

114 3316 259 3403 historici
277 3318 450 3382 verborum
467 3317 654 3400 fremere,
672 3325 853 3401 nectere,
876 3317 1107 3404 noscere(!),
1125 3323 1253 3403 plere,

114 3455 285 3518 poscere
303 3435 578 3522 (t),prensare,
603 3445 788 3521 quatere,
813 3459 947 3519 ruere,
972 3457 1127 3523 881818,
1151 3449 1254 3506 stru-

114 3575 196 3637 ere,
221 3576 412 3640 urguere,
443 3558 518 3640 uti,
548 3557 698 3642 vitare3
729 3559 818 3642 apud
846 3559 1038 3623 Sallustium
1069 3560 1254 3639 credere,

113 3696 247 3759 posse,
271 3677 479 3759 polliceri.

158 3813 187 3897 d)
214 3813 387 3890 Quorum
418 3817 632 3882 verborum
667 3816 878 3882 infinitivi
908 3817 1102 3883 historici
1133 3820 1255 3884 etiam

413 3942 579 4030 exstent
601 3937 768 4020 generis
791 3937 962 4020 passivi.

200 4052 383 4118 Infinitivos
407 4052 582 4120 historicos
605 4056 800 4138 plerumque
818 4055 985 4123 adhibitos
1002 4076 1074 4123 8888
1090 4057 1123 4120 in
1136 4080 1255 4142 genere

116 4172 235 4255 activo,
264 4174 366 4238 multo
396 4173 502 4238 rarius
530 4175 679 4257 passivo,
717 4174 895 4242 rectissime
926 4177 1058 4241 iamiam
1087 4177 1256 4245 admonuit

115 4291 283 4357 Gustavus
306 4292 399 4357 Mohr
422 4293 456 4356 in
480 4293 557 4360 diss.
584 4294 644 4372 ,de
668 4294 727 4358 inf.
752 4295 845 4360 hist.“
873 4298 1043 4380 pag.,12.'
