2880 4762
579 1152 774 1252 Vita.

211 1490 414 1557 Christianus
444 1490 632 1557 Fridericus
673 1487 842 1557 Carolus
877 1491 1137 1558 Huebenthal
1165 1499 1260 1558 natus

123 1632 193 1676 sum
219 1610 272 1677 die
288 1612 346 1675 ΙΙΙ.
369 1613 491 1678 mensis
514 1614 657 1679 octobris
679 1634 707 1676 a.
733 1613 763 1676 h.
788 1632 812 1677 s.
835 1612 905 1676 LII.
922 1612 1095 1679 Servestae
1111 1612 1261 1678 Anhalti·

123 1753 239 1797 norum
262 1740 355 1811 patre
372 1732 521 1816 Augusto
545 1739 649 1799 matre
672 1733 845 1798 Henrietta
869 1754 887 1798 e
909 1739 1007 1816 gente
1030 1733 1260 1812 Pitschkeaoa,

124 1872 222 1935 quam
245 1860 348 1919 morte
371 1853 437 1917 iam
460 1853 630 1936 abreptam
654 1852 866 1920 vehementer
893 1853 1000 1919 doleo.
1046 1852 1142 1919 Fidei
1165 1852 1259 1917 addi-

124 1978 196 2037 ctus
212 1992 282 2036 sum
299 1972 522 2056 evangelicae.
568 1973 685 2038 Primis
700 1973 883 2040 litterarum
900 1973 1069 2040 elementis
1091 1976 1124 2038 in
1147 1974 1260 2039 schola

124 2091 262 2174 privata,
285 2099 353 2157 tum
378 2093 411 2158 in
435 2114 484 2173 ea,
499 2114 597 2177 quam
621 2093 716 2160 liberi
739 2092 862 2177 plebeii
884 2080 1024 2177 generis
1039 2093 1259 2176 frequentant,

124 2212 277 2293 imbutus,
301 2234 422 2279 annum
445 2235 548 2298 agens
573 2215 751 2294 decimum,
780 2214 986 2299 gymnasium
1009 2214 1136 2297 patriae
1160 2214 1259 2294 urhis,

124 2340 205 2397 tunc
227 2333 344 2400 Carolo
369 2334 515 2400 Sintenis
540 2335 701 2401 directore
724 2335 853 2415 florens,
878 2332 945 2398 adii
969 2340 1001 2400 et
1024 2355 1083 2416 per
1105 2332 1259 2400 undecim

124 2475 228 2519 annos
250 2454 473 2536 frequentavi,
497 2455 554 2520 ubi
582 2455 838 2537 Theophilus
867 2455 991 2533 Stier,
1022 2452 1260 2520 Friderious

124 2574 320 2652 Hammer,
346 2575 590 2642 Franciscus
612 2574 860 2652 Kindscher,
878 2573 1258 2652 GuilelmusOorte,

123 2693 329 2759 Gustavus
352 2695 537 2776 Kuehne,
568 2695 630 2760 viri
659 2695 855 2774 doctissimi,
885 2716 936 2761 me
966 2694 1010 2759 ad
1037 2695 1147 2761 studia
1175 2696 1259 2759 anti·

123 2815 257 2895 quitatis
273 2816 449 2880 tractanda
464 2817 606 2881 maxime
623 2817 851 2882 incitaverunt.
875 2817 960 2882 Vere
976 2838 1005 2881 a.
1017 2815 1048 2879 h.
1065 2837 1089 2881 s.
1106 2816 1259 2882 LXXIII.

124 2936 311 3001 testimonio
335 2935 532 3002 maturitatis
554 2938 729 3005 instructus
744 2937 848 3002 Halas
864 2936 1032 3003 Saxonum
1057 2957 1108 3002 me
1126 2935 1260 3014 contuli,

123 3056 332 3139 philologicis
354 3058 495 3123 maxime
519 3057 762 3139 theodiscisque
785 3077 837 3122 me
868 3056 1004 3122 daturus
1026 3056 1153 3122 studiis.
1198 3056 1260 3122 Per

122 3184 194 3243 octo
219 3177 388 3242 semestria
409 3177 456 3241 ibi
479 3198 531 3242 me
555 3175 737 3242 docuerunt
759 3177 792 3240 hi
816 3177 878 3242 viri
899 3176 1125 3241 illustrissimi:
1149 3176 1259 3254 Keil,

125 3297 297 3376 Zacher,
342 3297 485 3381 Haym,
532 3298 640 3377 Pott,
687 3299 891 3382 Droysen,
937 3297 1119 3374 Kramer,
1157 3296 1259 3380 Bey-

122 3417 283 3500 schlag,
313 3417 524 3496 Koestlin,
554 3417 702 3498 Ulrici,
732 3418 918 3500 Briegcr,
948 3417 1068 3495 Matn,
1098 3414 1259 3500 Heyde-

120 3559 253 3616 mann,
309 3537 476 3620 GerIng,
527 3524 691 3616 Thiele,
742 3537 892 3616 Hense,
942 3535 1276 3615 Tschischwitn,'

121 3658 317 3735 Siebeck,
354 3660 512 3736 Asmus,
550 3656 689 3740 Vogel.
734 3658 844 3739 Atque
873 3655 1075 3722 sodalisfui
1104 3657 1258 3738 prosemi-

121 3781 206 3843 narii
230 3779 421 3863 philologici
445 3778 676 3860 seminariique
703 3776 924 3862 paedagogIci
946 3775 1030 3860 regii
1057 3776 1258 3856 ordinarius,

122 3908 296 3983 praeterea
326 3901 481 3966 Zacher
510 3899 652 3982 benigne
682 3898 763 3962 mihi
791 3897 954 3981 permisit,
990 3903 1025 3962 ut
1059 3895 1259 3975 theodiscae,

121 4018 277 4101 Gering
293 4025 329 4084 ut
346 4020 497 4102 gothicae
515 4021 706 4086 interessem
722 4018 881 4085 societati.
917 4016 1042 4094 Quibus
1061 4017 1140 4082 viris
1158 4017 1259 4081 omni-

120 4141 181 4205 bus
211 4139 331 4223 optime
362 4140 402 4206 de
431 4161 483 4205 me
512 4140 650 4219 meritis,
682 4148 714 4205 et
744 4139 825 4217 illis,
855 4158 936 4221 quos
960 4157 1058 4220 supra
1083 4134 1259 4215 nominavi,

122 4268 154 4354 et
191 4261 257 4340 his,
289 4260 465 4344 praecipue
489 4260 668 4340 Hennico
699 4259 810 4336 Keil,
839 4258 950 4322 Julio
979 4256 1150 4335 Zacher,
1179 4255 1259 4319 Ru·

1375 1748 1384 1840 i
