2880 4762
699 249 739 313 51

236 427 367 503 reperta
395 421 467 502 ipso
495 419 616 485 tributo
644 419 778 502 gravius
807 419 1043 485 tolerabantur.
1067 436 1207 500 namque
1230 436 1289 499 per

235 539 411 605 ludibrium
435 538 588 606 adsidere
602 586 609 600 .
623 587 629 601 .
644 586 651 601 .
667 586 674 600 .
700 539 921 622 cogebantur.
936 585 943 598 .
957 541 992 617 ;“

236 659 292 724 ubi
314 659 467 725 infinitivi
490 659 637 726 historici
660 659 719 723 ad:
743 679 890 724 causas
912 658 1111 724 bellorum
1139 657 1288 724 statuit

150 780 344 847 excidere
366 780 534 847 referendi
556 786 641 859 sunt,
665 800 737 845 cum
754 779 985 861 demonstrent,
1003 778 1121 860 quibus
1135 777 1289 843 remediis

62 914 65 921 ’
148 901 307 984 Agricola
323 901 523 966 excisionem
539 901 630 965 illam
654 899 814 976 effecerit3
839 900 1042 965 enuntiatum
1058 906 1167 964 autem
1189 898 1287 964 inter-

149 1021 300 1104 positum,
317 1022 504 1086 coercuit
525 1020 661 1086 verbum
676 1019 804 1084 finitum
820 1020 998 1100 continens,
1024 1039 1222 1110 quamquam
1245 1017 1289 1081 ad

148 1141 400 1207 antecedentem
434 1141 630 1207 sententiam
665 1138 792 1221 aliquid
820 1141 897 1204 novi
927 1139 1158 1223 explicationis
1187 1157 1290 1202 causa

149 1260 317 1343 adiungit,
345 1232 454 1325 tamen
488 1259 532 1324 ad
563 1261 668 1342 ipsam
697 1279 869 1324 causarum
896 1260 1057 1325 bellorum
1087 1259 1288 1325 excisionem

148 1381 282 1446 minime
305 1387 442 1463 spectat.
465 1380 533 1444 Alii
556 1378 672 1445 eodem
688 1378 786 1444 modo
804 1379 975 1462 compositi
990 1380 1055 1444 loci
1077 1378 1290 1444 inveniuntur

149 1501 234 1565 Hist.
258 1501 282 1580 I,
307 1496 358 1564 36.
382 1501 498 1581 85311,
521 1501 578 1582 423
602 1500 657 1579 IV,
683 1500 885 1580 16;An11.l,
912 1501 960 1564 lo.
987 1500 1037 1564 21.
1061 1500 1117 1578 313
1141 1498 1212 1578 XV,
1236 1500 1288 1566 58.

236 1620 311 1686 Jam
334 1641 412 1686 vero
435 1626 641 1685 transeamus
664 1619 708 1683 ad
731 1639 788 1685 eos
811 1620 988 1685 infinitivos
1010 1620 1192 1698 historicos,
1217 1618 1288 1700 qui-

150 1742 212 1806 bus
240 1761 305 1806 non
340 1746 410 1805 tota
444 1740 630 1818 enuntiata,
674 1739 734 1806 sed
774 1740 925 1823 singulae
958 1747 1085 1805 tantum
1119 1759 1218 1805 voces
1251 1738 1287 1802 il·

148 1849 338 1925 lustrantur.
383 1859 466 1925 Sunt
489 1866 599 1925 autem
621 1859 699 1924 illae
730 1880 831 1925 voces
858 1867 916 1925 aut
945 1860 1111 1925 adiectiva
1133 1866 1191 1923 aut
1213 1879 1287 1941 par·

150 1979 267 2061 ticipia
290 1978 444 2045 subiectis
467 1981 629 2063 apposita,
653 1999 789 2062 quorum
812 1980 902 2064 apud
924 1979 1116 2046 Sallustium
1139 1985 1172 2045 et
1194 1979 1290 2043 'Paci-

149 2106 219 2164 tum
241 2099 453 2166 inveniuntur
474 2100 573 2166 haec:

150 2239 260 2286 acer:
301 2221 385 2285 Hist.
424 2219 473 2302 11,
512 2222 548 2284 5:
589 2219 811 2303 Vespasianus
853 2238 947 2283 acer
980 2218 1117 2285 militiae
1163 2220 1289 2286 anteire

237 2360 366 2423 agmen,
389 2342 497 2405 locum
522 2340 637 2405 castris
660 2360 788 2423 capere,
812 2347 910 2405 noctu
934 2339 1056 2421 diuque
1080 2338 1216 2403 consilio
1240 2359 1288 2421 ac,

237 2461 264 2526 si
286 2481 339 2526 res
362 2466 520 2544 posceret,
536 2479 635 2523 manu
651 2458 801 2525 hostibus
817 2459 930 2542 obniti,
948 2459 1020 2524 cibo
1039 2458 1180 2538 fortuito,
1196 2466 1289 2524 veste

237 2579 418 2662 habituque
442 2580 499 2645 vix
521 2601 542 2645 a
564 2581 717 2664 gregario
741 2580 844 2646 milite
869 2579 1132 2662 discrepans...

151 2699 369 2765 adductus:
395 2700 465 2764 Cat.
488 2702 540 2785 40,
564 2704 600 2765 4:
625 2700 717 2767 Haec
746 2701 803 2765 ubi
832 2700 917 2764 dixit
944 2699 1141 2782 Allobroges
1164 2699 1198 2763 in
1222 2719 1288 2763 ma·

236 2839 371 2884 xumam
393 2840 484 2902 spem
513 2820 683 2886 adducti
711 2820 912 2886 Umbrenum
935 2840 1030 2886 orare
1059 2826 1094 2884 ut
1122 2820 1172 2884 sui
1195 2819 1288 2884 mise-

234 2944 369 3004 reretur.
815 2927 818 2932 ’

150 3059 380 3143 ambiguus:
411 3060 496 3124 dnn.
526 3061 599 3144 XV,
629 3061 686 3124 38:
716 3060 899 3138 Postremo,
930 3060 1009 3142 quid
1039 3060 1180 3124 vitarent
1210 3059 1289 3141 quid

236 3187 387 3262 peterent
411 3181 610 3262 ambigui,
636 3180 799 3262 complere
822 3179 903 3259 vias,
928 3179 1028 3245 sterni
1051 3198 1110 3260 per
1133 3197 1238 3259 agros.
1276 3190 1280 3197 ’

149 3300 315 3365 anxius:
338 3300 414 3383 Jug.
438 3301 489 3379 93,
515 3303 549 3363 l:
579 3300 623 3365 At
652 3299 776 3366 Marius
798 3301 909 3365 multis
933 3299 1050 3365 diebus
1073 3305 1105 3363 et
1120 3298 1289 3363 laboribus

237 3421 437 3504 consumptis
459 3420 613 3485 anxius
635 3420 766 3486 trahere
783 3440 856 3485 cum
873 3419 982 3484 animo
1006 3439 1064 3484 suo
1082 3418 1287 3485 omitteretne

236 3539 485 3624 inceptum...

150 3667 367 3743 appetens:
391 3660 475 3727 Hist.
498 3659 561 3743 IV,
585 3660 642 3726 83:
667 3659 733 3725 Sed
756 3661 975 3742 Ptolemaeus,
1000 3666 1036 3723 ut
1058 3665 1132 3724 sunt
1154 3658 1290 3742 ingenia

239 3801 364 3865 regum,
389 3800 511 3863 pronus
533 3780 577 3845 ad
599 3779 819 3861 formidinem,
843 3779 900 3844 ubi
923 3778 1081 3845 securitas
1104 3778 1211 3862 rediit,
1235 3798 1290 3844 vo-

164 3901 167 3904 ’
234 3903 398 3985 luptatum
428 3922 527 3985 quam
549 3901 745 3985 religionum
769 3900 986 3984 adpetens,
1011 3900 1187 3982 neglegere
1208 3920 1289 3982 pau-

235 4020 328 4086 latim
352 4021 515 4103 aliasque·
524 4022 568 4087 ad
593 4041 690 4088 curas
712 4020 859 4086 animum
885 4027 1035 4103 vertere,
1070 4018 1174 4085 donec
1197 4065 1204 4080 .
1229 4066 1236 4080 .
1261 4053 1284 4084 .·

146 4162 396 4227 aspernans:
427 4143 512 4208 Hist.
534 4143 577 4226 Π,
601 4143 657 4208 52:
688 4142 756 4210 Sed
778 4141 900 4207 milites
928 4147 964 4207 ut
986 4140 1104 4206 falsum
1126 4151 1289 4206 rumorem

233 4270 529 4348 aspernantes,
559 4263 648 4347 quod
677 4263 843 4330 infensum
873 4261 995 4327 Othoni
1024 4267 1177 4328 senatum
1202 4263 1288 4330 arbi-
