2880 4762
648 227 689 291 25

237 400 359 479 „Esse
383 407 456 481 post
478 397 718 480 luxurioso,
744 398 833 479 quod
851 397 885 461 in
901 396 1005 463 tribus
1022 399 1119 464 codd.
1144 399 1246 481 deest,
1323 483 1326 491 Ι

194 518 322 584 Cortius
352 519 491 601 pessime
522 517 662 596 delevit,
699 537 741 583 ex
779 516 840 581 hoc
870 517 957 582 enim
986 519 1086 584 verbo
1117 517 1247 600 singula
1332 551 1335 555 ·

195 638 374 721 enuntiata,
399 638 517 720 quibus
540 638 655 703 Sullae
674 637 843 719 ingenium
861 635 1066 720 describitur,
1091 631 1246 720 pendent,

193 759 240 824 ita
262 765 298 823 ut
320 757 434 840 oratio,
463 778 522 840 per
551 756 685 822 nomina
714 756 946 840 progrediens,
977 757 1011 822 in
1041 759 1142 824 verbo
1173 757 1246 822 sub·

194 880 316 944 sistat.“

193 997 320 1074 Quibus
341 997 451 1063 verbis
468 996 618 1079 Kritnius,
636 1016 833 1079 quamquam
850 985 1086 1064 dilucidissime
1111 998 1242 1064 demon-

108 1125 204 1201 strat,
239 1118 374 1183 verbum
403 1118 493 1183 nullo
522 1116 619 1182 modo
655 1116 759 1183 deleri
795 1137 908 1200 posse,
945 1124 1055 1184 tamen
1095 1117 1247 1183 infinitivi

108 1237 254 1303 historici
289 1237 427 1303 formam
462 1258 527 1303 non
564 1236 728 1320 explicat,
765 1257 805 1302 ca
841 1237 943 1321 enim,
987 1259 1072 1321 quae
1107 1238 1246 1322 scripsit,

109 1359 207 1424 etiam
231 1356 405 1423 scribenda
428 1356 575 1438 fuissent,
600 1355 627 1422 si
650 1358 722 1421 loco
745 1355 898 1423 infinitivi
922 1377 1012 1423 esse
1036 1357 1140 1423 forma
1154 1359 1247 1423 verbi

109 1477 203 1560 liniti,
229 1479 297 1543 sive
322 1485 408 1544 erat
431 1477 502 1543 sive
526 1476 623 1559 fuit,
647 1476 838 1543 exstitisset.
873 1476 1059 1543 infinitivus
1075 1478 1248 1544 historicus

110 1598 209 1681 igitur
231 1597 294 1663 hoc
316 1599 405 1677 loco,
435 1598 557 1663 utiam
588 1597 855 1679 commemoravi,
887 1619 925 1664 eo
954 1606 1043 1663 ortus
1066 1607 1130 1682 cst,
1160 1598 1248 1681 quod

109 1717 283 1783 Sallustius
306 1717 339 1781 in
364 1717 435 1783 dies
458 1717 563 1800 magis
585 1715 648 1780 hac
671 1715 775 1780 forma
798 1724 998 1783 assueverat.

196 1837 303 1902 Simili
327 1837 479 1903 libertate
503 1856 580 1901 usus
604 1843 653 1900 cst
675 1836 752 1919 Jug.
778 1838 847 1922 100,
872 1839 909 1900 4:

243 1957 336 2040 ,Ipse
352 1963 495 2020 armatus
510 1956 720 2038 intentusque
743 1956 820 2022 item
837 1956 957 2022 milites
975 1958 1124 2039 cogebat.
1140 1977 1247 2039 neque

95 2133 104 2162 Ι.
197 2097 291 2143 εεεεε
313 2084 412 2159 atquc
434 2077 497 2143 iter·
520 2076 675 2159 facere,
701 2083 809 2142 castra
831 2076 973 2155 munire,
999 2076 1190 2142 excubitum
1213 2077 1246 2141 in

198 2205 308 2281 portas
331 2197 538 2264 cohortisex
561 2197 756 2280 legionibus,
781 2217 839 2279 pro
864 2197 979 2261 castris
1002 2197 1130 2276 equites
1153 2191 1247 2262 auxi-

194 2318 308 2384 liarios
330 2319 468 2401 mittere,
492 2325 665 2400 praetcrea
689 2364 696 2378 .
721 2363 729 2378 .
754 2318 782 2377 .“

111 2457 207 2520 quem
230 2439 338 2503 locum
363 2437 507 2502 editores
530 2436 710 2501 rectissime
733 2436 939 2519 interpretati
962 2443 1047 2502 sunt.

594 2758 675 2840 Cap.
698 2758 759 2823 lv.

176 2951 324 3032 Verba,
360 2970 462 3032 quae
499 2950 538 3013 in
576 2949 788 3014 infinitivi
825 2949 1017 3014 historici
1054 2948 1183 3014 forma

276 3073 484 3152 leguntur,
520 3069 760 3134 accuratius
794 3069 1091 3134 examinantur.

196 3275 271 3339 Jam
293 3294 371 3338 vcro
394 3271 438 3336 ad
461 3273 572 3350 verba,
595 3270 630 3334 in
647 3270 765 3353 quibus
777 3272 951 3355 scriptores
966 3272 1068 3336 nostri
1085 3271 1246 3337 infinitivo

110 3393 268 3459 historico
298 3392 349 3457 usi
378 3396 466 3482 sunt,
503 3390 757 3473 contemplanda
785 3398 1005 3474 transeamus,
1041 3411 1080 3456 ac
1109 3392 1247 3476 primum

111 3513 243 3596 quidem
281 3510 562 3577 considerabimus
598 3531 653 3591 ea,
690 3529 776 3591 quae
811 3510 901 3594 apud
942 3513 1080 3576 alterum
1115 3511 1248 3595 saepius

110 3635 262 3716 leguntur
285 3652 381 3715 quam
405 3630 495 3713 apud
517 3632 667 3714 alterum,
692 3638 761 3696 tum
778 3651 832 3715 ea,
855 3651 940 3713 quae
963 3631 1053 3715 apud
1076 3622 1264 3715 utrumque

111 3754 294 3836 aequaliter
316 3751 533 3835 reperiuntur,
559 3750 679 3816 deinde
702 3771 752 3833 ea,
773 3771 862 3833 vquae
885 3758 940 3816 aut
956 3752 1045 3836 apud
1058 3747 1248 3818 Sallustium

56 3958 62 3971 α
110 3880 169 3938 aut
199 3873 289 3957 apud
318 3868 470 3937 Tacitum
500 3872 604 3936 solum
639 3871 865 3953 inveniuntur,
902 3870 1045 3955 denique
1075 3892 1130 3952 ea,
1161 3892 1246 3954 quae

111 3999 239 4058 exstant
263 3993 361 4058 etiam
384 4011 505 4074 genere
528 3991 670 4074 passive.

199 4113 272 4190 Qua
302 4112 335 4174 in
366 4110 642 4193 consideratione,
672 4132 714 4176 ne
744 4111 863 4193 longus
893 4111 969 4194 sim,
1005 4119 1037 4178 et
1066 4133 1107 4178 ca
1134 4113 1245 4195 verba,

111 4253 195 4316 quae
224 4231 389 4297 rarissime
411 4232 581 4313 leguntur,
611 4229 758 4295 omittam
786 4249 848 4295 nee
870 4230 1082 4313 reliquorum,
1106 4232 1246 4314 plerum-
