2880 4762
697 207 738 269 36

150 372 208 436 65:
233 370 285 451 ‚,h.
309 391 339 435 a.
362 378 384 436 t.
409 370 597 436 dictitans.“
620 408 663 417 —
685 371 771 435 Anu.
794 371 849 453 IV,
874 373 917 436 60
939 391 1017 437 vero
1042 371 1155 437 verba:
1185 371 1293 454 „haec

152 499 252 575 atque
279 492 360 557 talia
395 492 565 559 audienti“
602 494 737 559 verbum
773 493 921 576 sequitur
948 491 1091 573 finitum3
1121 491 1173 557 hic
1203 492 1295 558 enim

152 612 358 696 participium
382 633 448 676 non
470 611 606 677 verbum
629 612 826 696 insequitur,
851 613 935 678 sicut
957 611 1093 695 reliquis
1114 610 1197 677 locis
1220 611 1295 675 lau-

154 732 240 797 datis
283 752 528 816 gravescere
566 732 810 816 adstrepere
854 731 1060 815 amplecti,
1099 731 1159 798 sed
1203 731 1295 797 aliae

152 871 251 918 voces
273 851 358 918 inter
380 852 464 917 illud
488 859 521 918 et
543 852 605 918 hoc
635 852 849 937 interpositae
872 858 956 917 sunt.

238 970 389 1037 Ceterum
412 972 473 1037 hoo
496 974 569 1038 loeo
593 993 664 1056 cap.
688 973 749 1037 Vll
778 972 874 1038 huius
903 971 1138 1038 dissertationis
1168 991 1296 1054 quaeso

151 1109 312 1173 compara.

636 1380 718 1462 Gap.
742 1380 803 1444 VI.

153 1518 210 1583 De
233 1517 451 1584 infinitivo
475 1491 678 1583 historico
711 1517 751 1580 in
775 1516 1004 1581 enuntiatis
1027 1515 1297 1582 secundariis

613 1637 831 1702 collocato.

241 1792 344 1857 Multo
369 1792 475 1857 rarius
499 1813 596 1875 quam
619 1792 652 1855 in
677 1791 853 1857 enuntiatis
875 1789 1038 1873 primariis
1061 1796 1094 1855 et
1116 1787 1297 1854 Sallustius

154 1918 187 1976 et
215 1909 352 1976 Tacitus
380 1911 559 1978 infinitivos
594 1911 769 1978 historicos
802 1910 1014 1975 adsciverunt
1048 1909 1083 1972 in
1120 1909 1298 1975 sententiis

158 2029 365 2095 secundariis
380 2037 453 2112 post
469 2028 648 2113 particulas
662 2028 818 2112 temporis
834 2049 932 2109 oum,
956 2027 1039 2111 ubi,
1063 2034 1295 2112 postquam,

154 2158 211 2230 ut,
237 2150 365 2217 donec
389 2158 422 2216 et
444 2151 479 2213 in
502 2150 674 2217 sententiis
696 2150 854 2215 relativis.
905 2149 950 2212 nt
977 2148 1011 2212 in
1040 2147 1091 2212 his
1114 2168 1297 2231 pronomen

155 2292 220 2336 non
243 2270 421 2354 genuinum
451 2290 521 2336 esse
551 2271 739 2353 relativum,
768 2269 828 2336 sed
856 2269 1058 2352 suppositum
1086 2288 1145 2351 pro
1175 2287 1295 2352 prono·

158 2390 244 2456 mine
269 2390 525 2456 demonstrativo
552 2399 691 2475 apparet
713 2392 788 2475 Jug.
812 2391 863 2471 59,
887 2391 922 2454 3:

285 2511 423 2592 „Neque
447 2510 569 2577 diutius
588 2493 755 2577 ¹Numidae
778 2511 930 2576 resistere
954 2510 1144 2593 quivissent,
1173 2510 1208 2574 ni
1237 2531 1295 2593 pe-

242 2630 325 2696 dites
355 2650 427 2694 cum
457 2631 622 2715 equitibus
650 2631 804 2716 permixti
828 2651 980 2713 magnam
1004 2629 1131 2696 cladem
1152 2630 1186 2694 in
1216 2650 1296 2696 con-

241 2767 355 2832 gressu
390 2749 548 2816 facerent.
585 2752 731 2833 quibus
767 2750 817 2814 illi
851 2749 927 2815 freti
957 2771 1040 2834 non,
1074 2751 1122 2815 uti
1150 2751 1296 2834 equestri

244 2868 369 2950 proelio
399 2870 492 2948 solet,
525 2868 627 2951 sequi,
664 2868 740 2934 dein
775 2868 903 2951 cedere,
934 2868 993 2934 sed
1021 2867 1169 2935 advorsis
1200 2870 1296 2952 equis

243 3006 453 3069 concurrere,
483 2987 644 3070 inplicare
673 3008 713 3054 ac
743 2991 936 3072 perturbare
964 2989 1084 3055 aciem:
1114 2989 1161 3055 ita
1189 3009 1294 3073 expe-

243 3106 320 3172 ditis
343 3105 512 3191 peditibus
535 3108 603 3173 suis
625 3109 729 3174 hostis
753 3129 858 3192 paene
883 3109 986 3175 victos
1010 3108 1125 3191 dare;“

156 3227 240 3292 Hist.
263 3229 287 3309 I,
311 3229 367 3291 52:

287 3346 373 3427 „Sed
408 3348 544 3431 profusa
573 3349 728 3432 cupidine
758 3357 791 3415 et
820 3349 941 3432 insigni
974 3347 1157 3414 temeritate
1190 3349 1295 3432 legati

243 3465 410 3549 legionum
440 3469 578 3535 Alienus
607 3468 751 3534 Caecina
779 3476 811 3535 et
842 3469 963 3535 Fabius
991 3470 1128 3550 Valens3
1160 3489 1177 3534 e
1206 3469 1295 3550 qui-

241 3587 315 3650 bus
337 3587 460 3653 Valens
483 3588 632 3655 infensus
656 3588 799 3673 Galbae,
824 3597 990 3671 tamquam
1018 3588 1180 3654 detectam
1209 3608 1230 3651 a
1258 3609 1295 3655 se

242 3705 390 3789 Verginii
403 3709 655 3791 cunctationem,
670 3729 827 3792 oppressa
844 3709 1014 3792 Capitonis
1030 3707 1168 3773 consilia
1183 3707 1296 3791 ingra-

242 3832 275 3890 te
298 3827 438 3909 tulisset,
461 3829 619 3913 instigare
643 3830 822 3908 Vitellium,
846 3830 997 3894 ardorem
1020 3827 1157 3893 militum
1187 3835 1295 3894 osten-

241 3953 330 4011 tans:
368 3947 473 4030 ipsum
508 3950 629 4016 celebri
658 3952 780 4034 ubique
814 3950 918 4031 fama,
956 3950 1080 4013 nullam
1109 3948 1143 4012 in
1173 3949 1294 4015 Flacco

244 4066 433 4132 Hordeonio
457 4090 595 4143 moram;
618 4071 733 4136 adfore
757 4070 958 4134 Britanniam
983 4121 990 4136 .
1014 4070 1065 4148 .;“

156 4185 681 4272 MlQMQMQ
